1474 2658
91 61 180 117 456
396 74 532 105 mnax
565 74 723 105 annum
754 75 811 106 m·
832 73 1104 111 vnnnonuu.

92 140 192 176 Deus
207 135 415 187 patientiae.
435 134 635 183 Quare?I.
658 139 744 174 384.

477 222 710 256 PATIENTIA
735 220 1017 255 CHRISTIANA.

92 302 275 342 Patientia
293 302 435 339 donum
448 301 518 339 Dei
535 302 654 350 majus
667 302 780 350 quam
793 306 1026 340 mortuorum
1042 300 1250 340 suscitatio.
1265 303 1407 350 Quare?

92 360 280 455 Paigntial
288 365 553 454 2Christianum
571 421 821 454 consummat.
842 417 943 456 Ibid.

91 473 176 510 Tria
192 473 337 510 faciunt
357 473 638 519 Christianum,
660 473 775 519 tides,
796 475 918 519 actio,
942 474 1080 523 passio.
1098 474 1208 513 Fides
1228 446 1404 522 inchoat,

95 570 97 573 ,
139 531 239 569 actio
258 531 429 580 perficit,
451 532 575 580 passio
595 536 844 569 consummat.
865 532 965 570 Ihid.

89 587 182 623 Mala
214 585 278 623 hic
306 590 396 624 sunt
427 586 662 624 inevitabilia
692 600 702 623 ι
735 585 844 623 hinc
857 586 1039 634 patientia
1067 585 1089 624 a
1115 585 1198 625 Deo
1223 587 1405 636 petenda.

68 640 348 741 ‘Chi-sistamus,
369 702 412 735 ut
429 697 628 748 Christus,
652 698 732 747 pati
757 699 900 737 dehet·
891 729 901 737 .
921 699 1013 737 hinc
1035 698 1200 748 petenda
1223 699 1408 749 patientia

140 755 296 794 Christi.
316 757 419 794 Ibid.

91 819 181 862 Quae
198 814 270 852 fuit
293 815 476 863 patientia
503 814 671 862 Christi,
694 816 836 864 etquis
859 816 1007 853 animus
1031 814 1175 854 Christi
1198 812 1408 865 patientis?

91 872 286 968 Ριὲἐῃῗΐεέ
301 877 516 968 {hristianae
532 932 669 979 praxis.
689 929 743 969 V.
769 935 854 969 3⁴3.

92 987 400 1025 Christianismus
421 999 488 1023 seu
505 997 666 1034 regnum
691 985 764 1023 Dei
781 999 860 1024 non
880 997 949 1035 per
970 985 1186 1023 facundiam
1204 989 1261 1024 est
1278 984 1320 1022 in
1335 995 1406 1023 no—

140 1045 218 1090 bis,
237 1045 304 1081 sed
320 1054 389 1092 per
406 1054 520 1091 opera
533 1071 543 1088 ,
563 1047 602 1080 et
620 1043 811 1092 praecipue
829 1054 898 1092 per
915 1042 1150 1091 patientiam.
1169 1041 1225 1080 11.
1252 1045 1336 1080 101.

92 1102 148 1138 Ad
171 1101 393 1150 patientiam
415 1100 648 1138 excitandam
668 1101 833 1139 maxime
854 1101 1002 1140 confert
1027 1101 1242 1150 exemplum
1263 1099 1410 1138 Christi

142 1159 322 1205 Domini,
339 1159 405 1207 qui
423 1160 554 1196 beatus
568 1160 654 1196 chm
669 1163 785 1206 esset,
805 1160 886 1208 pati
899 1164 937 1197 et
950 1159 1047 1197 mori
1063 1158 1186 1197 voluit
1197 1168 1268 1208 pro
1280 1156 1406 1196 uobis.

143 1217 218 1254 ΙΙΙ.
246 1221 327 1254 175.

94 1277 157 1314 Ad
174 1278 392 1325 patientiam
413 1276 623 1313 habendam
642 1276 868 1325 aspiciamus
893 1277 935 1314 in
951 1281 1092 1315 Jesum.
1112 1275 1188 1317 VI.
1210 1279 1296 1315 284.
1316 1279 1406 1315 285.

94 1339 220 1429 Ρεὶξᾶ
223 1339 310 1370 sunt
328 1334 452 1369 omnia
466 1345 550 1381 quae
567 1334 754 1382 patimur,
773 1334 911 1374 Christi
926 1335 1166 1395 passionibus
1177 1337 1408 1384 comparata.

186 1390 205 1426 Ι
241 1395 326 1428 287.

94 1449 154 1486 Ad
176 1448 396 1496 patientiam
414 1448 552 1484 vetitas
570 1449 748 1485 excitans.
771 1448 805 1485 I.
826 1453 913 1486 228.
935 1453 1022 1488 229.

94 1506 276 1544 Patientia
291 1517 448 1553 regnum
468 1505 542 1542 Dei
556 1506 699 1542 stabilit
716 1506 758 1542 in
774 1506 897 1542 nobis.
917 1505 975 1543 II.
1005 1509 1089 1544 101.

95 1565 278 1614 Iniuriam
298 1576 374 1600 non
398 1563 499 1612 pati,
521 1564 665 1601 crimen
687 1575 731 1601 ex
752 1563 801 1600 D.
825 1563 958 1601 Paulo.
978 1563 1035 1602 ΙΙ.
1056 1567 1141 1603 131.
1162 1564 1310 1611 Quanto
1333 1576 1411 1602 rna·

146 1623 204 1670 gis
222 1623 359 1660 facere.
381 1622 483 1659 Ibid.

549 1675 718 1709 PAULUS
731 1698 741 1717 ,
770 1674 951 1708 SAULUS.

96 1757 230 1793 Saulus
247 1767 315 1792 cur
331 1756 466 1792 Paulus
485 1755 715 1793 nominatus.
737 1759 767 1792 1.
791 1758 850 1792 10.

95 1813 176 1850 Tria
194 1812 349 1850 nomina
372 1815 409 1849 S.
430 1811 534 1849 Pauli
554 1811 778 1860 panegyrim
794 1809 1076 1860 componentia.
1095 1810 1130 1848 Ι.
1154 1813 1214 1849 11.

507 1898 545 1932 S.
573 1897 701 1931 PAULI
727 1898 990 1932 CONVERSIO.

98 1977 215 2023 Quam
239 1976 425 2025 stupenda
444 1979 481 2013 S.
501 1976 603 2012 Pauli
625 1975 842 2013 conversio!
865 1975 941 2012 ΙΙΙ.
964 1980 1049 2013 326.

100 2039 198 2081 Quot
216 2039 321 2071 erant
337 2034 377 2070 in
398 2034 512 2071 Saulo
530 2034 721 2071 obstacula
741 2033 891 2082 gratiae!
912 2033 989 2070 ΙΙΙ.
1011 2036 1096 2071 326.
1121 2037 1206 2072 327.

99 2091 216 2137 Quam
234 2093 369 2138 potens
389 2101 477 2137 ergo
495 2089 637 2126 Christi
656 2090 796 2138 gratia!
816 2089 891 2127 III.
915 2094 1001 2127 327.

99 2151 136 2184 S.
157 2146 389 2193 PauluszDeo
408 2139 598 2190 oliedivit,
620 2146 726 2182 nullo
748 2146 899 2183 mortali
915 2142 1224 2195 consultablbid.

97 2203 159 2240 Sic
179 2202 412 2239 Christianus
427 2201 578 2240 obediat
599 2206 676 2240 Deo
696 2203 867 2250 vocanti,
884 2213 998 2240 carne
1017 2204 1056 2239 et
1068 2200 1254 2249 sanguine
1270 2200 1409 2240 incon-

148 2261 269 2297 sultis.
292 2261 386 2297 lbid.

98 2321 136 2355 S.
157 2316 260 2354 Pauli
274 2317 529 2365 praerogativae
555 2319 763 2356 secundnm
781 2328 948 2359 carnem.

99 2378 237 2420 Omnes
250 2373 332 2410 illas
344 2379 499 2422 propter
512 2374 705 2414 Christum
717 2376 862 2428 spernit
873 2377 912 2413 et
922 2372 1192 2413 detrimentum
1205 2370 1412 2413 existimat.

151 2435 211 2469 lv.
236 2435 320 2470 250.
348 2436 433 2469 251.
