1474 2658
49 119 51 122 Α
117 65 205 110 302
493 79 713 112 ems-rozaz
739 82 803 113 An
825 70 1042 118 nummos
1121 75 1143 87 ⁸

308 295 534 344 CAPUT
569 298 893 351 nmmum
922 269 1251 352 'servum-1.

621 445 629 454 ’
699 435 860 479 Textus.

214 535 230 559 Ἰ

119 583 155 610 x.
174 533 423 612 (Annuus
444 564 730 614 fraternitatis
754 579 926 615 maneat
945 570 992 616 in
1009 569 1147 618 vobis.

173 658 212 686 2.
233 638 288 686 Et
309 638 652 698 hospitalitatem
676 642 813 689 nolite
833 643 1049 699 oblivisci;
1073 663 1154 703 per
1172 645 1289 693 hanc
1307 643 1430 692 enim

113 714 336 778 latuerunt
353 715 534 774 quidam
551 753 562 774 ‚
584 717 765 778 Angelis
786 718 980 777 hospitio
1001 720 1206 779 receptis.

167 904 215 956 3.
233 910 501 956 Mementote
520 904 769 957 vinctorum
785 947 797 969 ‚
822 922 1034 970 tanquam
1055 911 1182 958 simul
1202 910 1335 958 vincti
1353 930 1363 966 ;
1387 920 1432 958 et

108 980 413 1030 laborantium
425 1019 437 1041 ‚
450 995 661 1043 tanquam
674 995 716 1031 et
726 985 811 1043 ipsi
823 986 870 1031 in
884 1003 1071 1044 corpore
1085 995 1429 1039 commorantes.

168 1167 208 1218 4.
225 1162 504 1211 Honorabile
522 1163 800 1213 connubium
818 1164 1099 1224 inomnibus,
1118 1164 1329 1213 etthorus
1346 1163 1430 1213 im-

112 1236 373 1284 maculatus.
397 1236 436 1283 F
441 1238 715 1287 ornicatores
744 1238 866 1286 enim
891 1250 934 1287 et
964 1239 1190 1286 adulteros
1222 1239 1433 1298 judicabit

114 1310 258 1355 Deus.

169 1387 212 1431 5.
232 1384 333 1431 Sint
356 1402 504 1433 mores
534 1385 630 1432 sine
647 1387 852 1444 avaritia,
880 1389 1076 1436 contenti
1107 1387 1398 1449 praesentibus
1421 1409 1431 1435 :

112 1458 208 1519 ipse
225 1460 346 1506 enim
361 1460 469 1506 dixit
488 1481 497 1505 :
517 1461 624 1509 Non
646 1472 684 1508 te
703 1462 923 1519 deseram,
940 1481 1085 1522 neque
1104 1463 1427 1522 derelinquam;

172 1648 212 1692 6.
233 1645 302 1692 Ita
331 1656 379 1692 ut
399 1647 678 1694 confidenter
698 1646 930 1694 dicamus:
956 1648 1183 1699 Dominus
1212 1651 1325 1699 mihi
1344 1652 1432 1700 ad-

114 1720 234 1779 jutor
249 1757 260 1778 ,
279 1738 372 1767 non
393 1721 558 1768 timebo
586 1722 693 1779 quid
715 1721 846 1768 faciat
866 1722 977 1769 mihi
1000 1723 1151 1772 homo.

174 1858 215 1899 7.
240 1842 505 1886 Mementote
530 1839 869 1898 praepositorum
894 1850 1143 1887 vestrorum
1159 1876 1172 1898 ,
1203 1839 1279 1898 qui
1303 1838 1432 1887 vobis

114 1914 250 1962 locuti
261 1924 364 1962 sunt
374 1914 560 1961 verbum
574 1913 660 1960 Dei
678 1931 891 1972 :quorum
910 1913 1131 1962 intuentes
1146 1912 1310 1961 exitum
1325 1930 1433 1960 con-

118 1990 378 2038 versationis
395 2025 407 2048 ,
428 1987 663 2035 imitamini
683 1989 832 2035 fidem.

176 2110 218 2153 8.
238 2106 368 2153 Jesus
392 2104 597 2153 Christus
618 2102 741 2161 heri,
756 2112 798 2149 et
819 2101 951 2149 hodie
971 2121 981 2147 ι
1004 2100 1100 2159 ipse
1123 2110 1166 2147 et
1186 2100 1234 2146 in
1258 2098 1446 2148 saecula:

189 2295 231 2338 9.
255 2272 480 2321 Doctrinis
501 2271 633 2319 variis
654 2279 696 2317 et
718 2267 959 2328 peregrinis
975 2266 1111 2314 nolite
1132 2263 1307 2312 abduci.
1329 2264 1432 2322 Op-

116 2349 276 2398 timum
288 2358 353 2395 est
368 2347 484 2394 enim
498 2346 636 2407 grati&
650 2343 847 2392 stabilire
868 2359 1059 2401 cor,non
1077 2339 1210 2389 escis:
1226 2356 1323 2398 quae
1337 2355 1431 2385 non

119 2424 381 2486 profuerunt
403 2420 733 2470 ambulantibus
754 2418 798 2465 in
820 2417 898 2466 eis.
