1430 2658
0 0 51 86 β
170 68 205 102 ο·
225 27 262 63 Α.
282 25 291 35 ι
362 67 546 108 mm
571 72 823 108 cirrosi-rto.
840 63 941 118 Cap.
970 50 1080 107 VII.
1289 64 1372 110 133

63 126 90 146 '⁴
112 128 144 195 ’ἡ
144 181 147 184 ,
177 123 674 194 “'ffikludadewffloyses
687 137 955 180 sacerdotium
958 151 1039 180 nou
1055 137 1254 181 attribuit.
1273 152 1370 184 con-

139 200 239 269 ὲιβο
253 200 303 244 de
318 202 446 245 tribu·
433 217 475 246 ιιι
490 203 632 245 tribum
649 202 870 256 transtatum
888 217 975 245 esse
991 203 1266 248 sacerdotium.

35 274 47 280 ”
119 279 173 342 Bt
194 281 272 326 hoc
293 283 510 327 evidentius
527 283 655 342 adhuc
674 291 859 340 apparet,
890 299 939 326 ex
959 297 1007 331 eo
1030 283 1135 340 quod
1164 285 1260 326 alius
1290 300 1374 329 ex-

20 362 21 365 *
55 352 199 402 surgat
207 359 333 391 novus
348 347 551 399 sacerdos,
572 351 595 390 a
613 345 698 390 Deo
718 349 926 402 promissus
946 354 985 389 et
1003 346 1137 401 datus,
1156 349 1372 391 secundum

55 409 562 466 oedtnevnMetchisedech‚

83 526 93 535 1
119 474 200 532 Qui
218 491 300 541 pon
316 477 526 520 secundnm
546 479 669 533 legem
689 477 844 520 carnalis
858 476 1109 518 successionis
1128 483 1275 519 creatus
1293 479 1366 529 sit,

60 545 133 588 sed
147 546 359 589 secundum
372 547 454 588 vim
471 549 562 589 vitae
576 545 823 595 immortalis;
845 548 895 587 ita
914 552 954 586 ut
975 558 1050 587 nec
1074 546 1250 600 cuiquam
1270 560 1367 588 suc-

61 611 216 651 cesserit
230 641 242 661 ‚
265 624 338 652 nec
356 612 566 652 successori
589 610 655 652 det
673 610 812 651 locum.

117 670 241 719 Juxta
261 674 493 720 Davidicum
521 679 738 720 vaticinium
761 695 770 719 :
799 677 857 717 Tu
885 692 925 717 es
954 676 1142 717 Sacerdos
1178 677 1220 717 in
1251 682 1373 717 αἰεν-

60 756 155 783 num
168 770 184 791 ,
210 748 287 784 etc.

115 817 243 862 Porro
270 822 435 873 rejicitur
460 817 697 863 Aaronicum
731 820 987 863 sacerdotium
1011 824 1050 860 et
1084 818 1147 860 lex
1169 816 1340 861 Mosaica
1356 852 1368 873 ‚

58 877 141 926 no'n
163 879 383 939 quod'mata
403 887 501 936 sint,
528 885 599 927 sed
625 888 711 943 quia
731 885 1015 941 imperfectiora
1038 890 1077 924 et
1101 882 1371 926 insufficientia

57 947 112 995 ad
129 948 388 1000 iustificandos
406 948 584 992 homines
604 966 615 991 ε

116 1012 274 1059 ΝιιΙΙιιιιι
296 1017 401 1057 enim
418 1015 618 1058 hominem
636 1016 698 1058 lex
718 1017 839 1069 potuit
855 1015 904 1056 ad
926 1028 1061 1056 veram
1076 1015 1253 1067 justitiam
1275 1030 1371 1071 per-

60 1079 215 1122 ducere.

74 1183 82 1189 .
115 1142 378 1188 Sacerdotium
398 1149 492 1188 vero
514 1143 655 1188 Christi
679 1153 717 1188 et
736 1146 798 1187 lex
819 1160 919 1187 nova
937 1145 1222 1187 subintroducta
1242 1152 1360 1195 sunt,
1399 1183 1403 1192 ,

58 1212 149 1266 quia
163 1217 250 1253 sunt
266 1212 316 1254 ad
330 1213 610 1265 justificandum
631 1214 891 1267 potentissima
908 1244 919 1263 ‚
937 1225 1124 1267 spemque
1145 1211 1236 1253 dant
1251 1213 1367 1254 nobis

59 1278 309 1318 certissimam
330 1291 432 1319 verae
461 1278 635 1329 justitiae,
661 1291 730 1331 per
752 1290 865 1331 quam
884 1274 971 1318 Deo
990 1277 1154 1330 proximi
1172 1275 1370 1318 reddimur

58 1346 99 1381 et
116 1341 229 1394 grati.

115 1403 202 1447 Et
190 1420 231 1448 ιη
246 1413 428 1461 quantum
451 1387 570 1448 Jesus
585 1404 759 1449 Christus
778 1421 857 1448 non
875 1407 959 1449 sine
984 1406 1225 1460 jurejurando
1248 1406 1369 1448 sactus

22 1527 23 1530 Ἴ
59 1479 117 1516 est
138 1473 315 1517 sacerdos
337 1474 459 1526 (nam
479 1473 660 1517 Aarouici
678 1475 834 1530 quidem
851 1477 934 1516 sine
948 1477 1161 1528 juramento
1178 1473 1264 1516 facti
1279 1482 1368 1516 sunt

56 1538 272 1582 sacerdotes
291 1554 302 1587 ς

115 1614 289 1659 Christus
315 1620 408 1659 vero
440 1618 618 1659 sacerdos
651 1633 737 1659 curn
756 1619 968 1670 juramento
1004 1619 1230 1659 constitutus
1262 1622 1319 1659 est
1342 1619 1364 1658 a

55 1681 194 1736 Patre,
212 1686 274 1741 qui
292 1715 304 1736 ,
324 1690 421 1726 teste
437 1683 566 1727 David
579 1717 589 1736 ‚
612 1685 767 1727 dixitad
786 1696 898 1727 eum:
923 1686 979 1726 Tu
998 1701 1037 1726 es
1053 1681 1263 1734 Sacerdos,
1285 1691 1362 1725 etc.

56 1755 98 1789 et
116 1762 195 1789 non
215 1748 339 1810 solum
354 1749 471 1801 dixit,
491 1750 561 1791 sed
584 1757 621 1792 et
639 1752 799 1803 juravit,
826 1752 917 1806 quia
939 1757 1060 1792 ratum
1079 1757 1116 1791 et
1134 1750 1255 1792 fixum
1273 1765 1358 1794 esse

54 1812 241 1863 decrevit,

109 1892 157 1937 In
178 1874 446 1938 tantumidem
476 1893 794 1938 Jesus'Christus
814 1895 1012 1937 nobilioris
1032 1901 1070 1936 et
1092 1897 1364 1950 praestantioris

60 1963 276 2002 testamenti
299 1962 486 2003 mediator
506 1963 696 2004 institutus
717 1968 790 2003 est.

110 2041 163 2086 Et
183 2045 402 2086 sacerdotes
419 2045 575 2100 quidem
600 2043 762 2087 Levitici
775 2075 786 2094 ‚
808 2047 926 2086 etiam
942 2045 1103 2095 summi,
1126 2044 1254 2099 piures
1269 2060 1364 2088 suc·

51 2111 200 2152 cessiv‘e
219 2109 305 2152 sacti
325 2117 436 2160 sunt,
458 2114 504 2151 eo
523 2109 626 2164 quod
644 2124 723 2151 non
749 2117 1017 2165 permanerent
1034 2127 1044 2159 3
1068 2109 1139 2151 sed
1160 2123 1230 2165 per
1245 2125 1361 2152 mor-

50 2184 128 2221 tem
153 2178 245 2220 atter
263 2178 367 2220 alteri
384 2178 613 2219 succedebat
632 2194 642 2226 ;

105 2257 221 2302 Jesus
237 2267 364 2302 autem
384 2264 431 2302 eo
459 2260 563 2316 quod
591 2260 813 2302 immortalis
837 2266 921 2309 est,
940 2265 979 2301 et
1006 2257 1186 2300 sacerdos
1207 2260 1230 2300 a
1246 2255 1364 2300 Patre

49 2327 95 2368 in
111 2332 299 2368 aeternum
319 2328 544 2369 constitutus
562 2356 573 2378 ‚
598 2325 855 2368 sacerdotium
878 2339 959 2367 non
984 2325 1220 2366 transmittit.

101 2420 219 2468 Unde
237 2431 279 2469 et
301 2440 369 2468 eos
388 2427 452 2482 qui
467 2440 537 2481 per
554 2422 678 2481 ipsum
696 2424 883 2468 accedunt
902 2423 952 2466 ad
968 2421 1098 2467 Deum
1122 2426 1246 2479 potest
1266 2435 1363 2478 per·-
