1430 2658
0 0 309 76 ,ww
402 33 406 35 2

395 42 580 111 min
606 59 847 111 mosivo.
875 64 974 122 Gap.
1005 63 1087 109 VI.
1328 40 1422 114 rar

68 144 292 210 με
322 140 550 197 prodromns
563 170 577 192 ,
616 147 863 194 antecursor,
907 157 1157 196 praecursor,
1193 157 1331 200 quem,
1370 153 1415 188 ut

64 206 295 260 sgnum,
321 207 398 248 cito
413 206 579 248 secuturi
598 219 744 248 sumus.

70 262 89 278 Τ
155 260 376 315 secundom
399 270 574 312 ordinem
594 268 882 312 Melchisedech
907 271 1154 326 pontg'sex‚...
1173 273 1220 315 id*
1234 281 1323 330 ast,
1339 289 1413 328 pro

101 327 239 385 nolis,
266 336 454 390 inquam,
488 335 680 390 ingressus
708 340 791 385 est,
825 341 969 378 aeterno
1006 335 1169 379 donatus
1199 337 1414 395 sacerdotio

100 399 315 460 secunditm
355 399 529 440 ordinem
566 398 855 440 Melchisedech
867 429 882 451 ‚
908 400 966 440 acl
994 401 1319 454 interpellandum
1346 418 1418 458 pm

101 464 229 508 nobis.

100 556 359 603 Martum
392 557 584 611 pietatis,
616 571 682 598 seu
718 556 761 597 in
789 556 864 597 hoc
890 556 1029 613 Capite
1058 554 1111 611 6,
1150 558 1210 599 ad
1231 560 1420 614 pietatem

204 669 207 671 ,
282 622 460 665 maxim&
479 621 657 667 notanda
670 652 685 670 ‚
707 628 746 661 et
760 621 818 662 ad
830 623 992 675 praxim
1008 622 1235 675 redigenda.

685 707 838 753 paruo.

102 777 193 856 Ex
211 807 262 857 Ϊ.
289 813 332 856 6.
365 813 499 868 collIge
517 818 557 857 et
585 815 751 857 observa
774 821 916 870 quanto
943 813 1070 856 studio
1089 817 1353 860 conservanda
1368 819 1418 861 sit

98 878 330 933 baptismalis
351 881 485 933 gratia.
1191 879 1194 882 ’

153 941 292 998 Primo
308 973 322 998 ,
343 944 432 999 quia
464 943 559 986 nihil
589 941 650 985 illd
669 945 876 998 pretiosius
894 961 904 993 ;
928 950 986 985 est
1007 946 1110 986 enim
1129 948 1330 988 renovatio
1346 945 1419 1002 quii

98 1008 220 1051 homo
232 1009 276 1051 tit
286 1023 393 1051 nova
408 1011 448 1051 in
464 1007 625 1051 Christo
639 1016 805 1051 creatura
818 1040 831 1060 ‚
851 1011 1000 1052 initium
1012 1011 1235 1057 substantiae
1247 1009 1414 1067 Christi,

100 1074 199 1117 tilius
216 1073 319 1128 Dei,
336 1074 463 1117 haeres
478 1073 584 1126 Dei,
607 1074 783 1116 cohaeres
798 1072 961 1123 Christi,
984 1076 1042 1127 jus
1057 1075 1207 1119 habens
1221 1077 1270 1119 ad
1286 1080 1416 1122 omnia

101 1137 180 1181 Dei
195 1139 297 1181 hona
311 1171 323 1191 ‚
343 1146 446 1182 totus
465 1141 580 1191 gratia
593 1170 605 1191 ,
626 1138 723 1180 nihil
739 1139 993 1180 damnationis
1008 1138 1170 1182 habens.

157 1193 339 1246 Secundo
353 1235 364 1255 ,
386 1207 473 1261 quia
491 1204 586 1246 illius
606 1206 742 1254 iactura
763 1210 821 1246 est
842 1205 1104 1258 irreparabilis.

155 1258 255 1311 Non
281 1275 474 1324 reparatur
494 1283 561 1323 per
590 1266 859 1322 Baptismum,
898 1271 963 1322 qui
984 1283 1036 1310 ex
1069 1267 1146 1311 Dei
1175 1270 1415 1314 ordinatione

100 1334 235 1375 unicus
264 1341 323 1375 est
358 1340 397 1375 et
423 1347 505 1375 non
525 1334 746 1374 reiteratur:
766 1334 861 1374 sicut
882 1346 985 1374 mors
1006 1330 1150 1376 Christi
1179 1333 1248 1376 suit
1277 1336 1413 1386 unica,

100 1410 296 1452 nunquam
314 1396 542 1439 reiteranda.

157 1458 255 1504 Non
272 1468 464 1516 reparatur
479 1476 548 1517 per
567 1460 718 1502 labores
738 1468 776 1503 et
791 1460 956 1504 lamenta
974 1465 1211 1516 poenitentiae
1231 1477 1319 1520 quae
1335 1478 1415 1507 sar·

102 1527 231 1569 oimen
244 1533 328 1580 est,
350 1541 430 1568 non
449 1527 671 1574 renovatio;
695 1539 776 1567 non
796 1525 861 1568 dat
883 1527 1065 1569 eumdem
1082 1528 1353 1582 splendorem;

154 1588 294 1633 Restat
311 1605 464 1646 semper
484 1590 618 1644 aliquis
635 1603 769 1631 naevus
784 1621 796 1643 ,
820 1590 941 1644 aliqua
960 1597 1048 1646 post
1077 1599 1276 1645 peccatum
1300 1594 1414 1635 infir-

99 1657 211 1698 mitas
226 1657 268 1696 in
295 1654 442 1703 anim&
462 1657 559 1698 sicut
578 1658 617 1696 In
646 1668 807 1709 corpore
826 1662 914 1710 post
931 1655 1068 1698 vulnus
1093 1664 1211 1700 restat
1230 1659 1410 1712 cicatrix,

101 1726 164 1762 aut
177 1719 313 1761 callosa
336 1733 446 1767 caro;

158 1779 253 1824 Nou
267 1781 331 1823 dat
350 1781 527 1823 eamdem
543 1783 805 1834 securitatem,
829 1782 899 1825 sed
914 1784 1091 1826 terribilis
1110 1791 1227 1828 restat
1241 1801 1412 1842 exspec-

93 1851 191 1892 tatio
206 1849 351 1903 judicii.
375 1847 479 1893 Vide
494 1850 594 1892 dicta
611 1851 651 1891 in
672 1852 948 1893 commentario
962 1883 973 1904 ,
996 1849 1052 1902 Y.
1068 1853 1110 1896 6.

156 1910 318 1965 Utinam
330 1912 418 1955 haec
436 1913 687 1968 intelligerent
705 1920 741 1956 et
754 1922 932 1968 saperent
951 1919 1086 1958 recens
1106 1917 1307 1973 baptizati3
1325 1919 1410 1962 haec

100 1980 295 2034 sapientes
308 2007 322 2030 ,
346 1977 605 2032 intelligentes
636 1984 675 2019 et
711 1980 867 2032 insuper
899 1981 1109 2022 novissima
1138 1982 1411 2036 providentes,

99 2043 361 2098 baptismalem
376 2045 531 2098 gratiam
554 2050 826 2087 conservarent
841 2044 1059 2086 studiosius.

654 2138 858 2179 secunno.

153 2216 219 2268 Ex
235 2226 374 2269 eodem
389 2223 449 2280 >⁵-
464 2223 505 2267 6.
524 2226 659 2281 collige
670 2234 708 2269 et
723 2233 816 2269 nota
835 2233 1018 2282 qnantum
1029 2227 1170 2270 malum
1183 2230 1232 2272 sit
1248 2229 1416 2287 relapsus

94 2295 141 2335 in
177 2302 376 2350 peccatum
388 2326 402 2348 ‚
434 2294 697 2351 peccandique
732 2295 973 2338 consuetudo
987 2326 999 2347 ‚
1033 2311 1118 2351 quae
1149 2299 1415 2352 poenitentiam

47 2406 52 2413 ,
92 2360 260 2404 reddunt
273 2361 466 2404 moraliter
479 2362 756 2417 impossibilem
766 2393 778 2413 ,
805 2369 885 2405 tum
898 2375 949 2405 ex
963 2370 1068 2418 parte
1084 2366 1311 2419 peccatoris,
1328 2371 1411 2408 tum

93 2439 146 2468 ex
165 2433 272 2481 parte
299 2424 392 2469 Dei.
413 2423 516 2471 Vide
534 2429 851 2469 commentarium
875 2427 1037 2471 ibidem.
1211 2485 1238 2529 6

295 2496 356 2529 τι.
