1474 2658
126 57 212 112 446
439 71 570 102 mom
592 71 749 102 aenou
779 73 833 103 ετ
863 56 1126 105 πηοεν-αξ

605 149 747 182 omma
772 149 959 185 mosum.

127 228 261 265 Omnia
288 232 414 265 nostra
432 233 544 275 sunt,
557 230 749 268 mundus
737 243 844 281 ipse,
863 231 959 278 vita,
979 243 1106 279 mors,
1126 233 1346 282 prasentia,
1370 234 1434 273 fu-
1466 278 1470 282 ,

176 288 273 321 tura.

127 343 259 379 Omnia
278 346 414 380 nostra»,
427 344 541 382 saluti
561 345 799 382 subserviunt
812 345 909 382 Dei
896 357 1015 392 jussu.
1036 345 1090 385 11.
1107 333 1174 385 80.

126 406 200 439 Nos
223 402 365 439 Christi
388 415 536 452 sumus,
555 404 729 441 Christus
747 405 828 442 Dei.
855 404 955 443 Ibid.

662 492 724 525 ΟΝ
726 493 897 528 ESIMUS.

123 568 320 606 onesimus
337 569 448 616 quis?
464 569 516 608 V.
542 575 628 607 371.

123 627 222 672 Quid
242 626 456 674 significat?
474 627 526 665 V.
551 633 637 666 384.

582 694 590 698 “
626 715 780 748 BONUM
807 715 932 750 opes

121 788 243 831 Fides,
267 789 370 826 radix
387 790 479 827 honi
499 790 637 839 operis.
657 789 732 827 IV.
755 793 815 827 54.

122 844 179 879 Ad
195 845 291 880 bonu
313 856 427 893 opera
445 846 655 893 regenerati
672 857 813 882 sumus,
835 844 908 885 IV.
932 848 991 883 55.
1019 848 1079 882 56.

122 899 201 936 Cur
218 901 315 938 hona
336 913 450 950 opera
471 903 649 940 dicuntur
666 903 798 939 arma?
815 902 850 939 Ι.
873 906 959 941 346.
982 905 1069 940 3⁴7.

122 959 197 993 Cur
213 969 314 993 arma
333 957 427 993 lucis
441 956 457 992 ?
473 958 573 994 lbid.
593 962 632 995 et
648 969 727 1004 seq.

121 1011 264 1051 Bo'num
286 1027 380 1063 opus
398 1017 417 1051 ὲ
437 1020 513 1052 Deo
531 1020 569 1053 et
587 1017 605 1052 ἐι
626 1017 748 1052 nobis.

118 1070 321 1118 Utriusque
344 1072 557 1118 eXplicatio.
579 1071 653 1111 IV.
674 1076 760 1108 232.
782 1070 873 1107 Vide
890 1071 1022 1108 Salus.
1131 1091 1155 1103 -

119 1127 178 1163 Ad
193 1128 350 1164 salutem
365 1131 541 1165 aeternam
555 1129 631 1165 duo
645 1129 852 1177 necessaria
868 1143 877 1166 :
893 1127 1100 1178 Evangelio
1117 1127 1272 1167 credere
1285 1131 1325 1166 et
1337 1129 1433 1169 ohe-

172 1186 254 1222 dire
266 1213 276 1232 ,
296 1197 361 1222 seu
380 1197 494 1234 opera
512 1187 612 1223 bona
626 1187 765 1224 facere.

121 1247 210 1338 Nee?
220 1244 343 1281 minus
369 1246 647 1282 damnabuntur
673 1244 937 1283 inobedientes
965 1244 1078 1292 quam
1108 1255 1188 1283 non
1218 1243 1435 1288 aede-ku.

215 1330 223 1338 .
250 1306 306 1338 12.

678 1363 860 1396 ORATIO.

122 1445 151 1476 Λ
169 1439 307 1487 quibus
328 1440 491 1475 orandus
508 1438 635 1475 Deus?

121 1502 150 1533 A
168 1497 259 1534 viris
277 1501 313 1534 et
332 1498 352 1532 ὲ
370 1496 604 1534 mulieribus,
625 1495 774 1542 Quare?
791 1496 840 1535 V.
864 1500 946 1533 110.

123 1554 190 1589 Ubi
219 1557 317 1589 Deus
349 1552 538 1589 orandus?
560 1553 737 1601 Ubique,
767 1552 959 1602 praecipue
989 1553 1030 1590 in
1064 1550 1168 1591 omni
1195 1551 1281 1589 loco
1310 1563 1430 1591 sacro.

172 1611 223 1650 V
249 1617 331 1649 ιιι.

122 1671 316 1716 Quomodo
335 1671 496 1706 orandus
513 1671 638 1706 Deus?

121 1730 198 1766 viri
218 1731 383 1765 levantes
409 1741 520 1777 puras
543 1741 697 1774 manus,
726 1739 866 1777 corque
892 1729 1073 1766 habentes
1098 1739 1238 1777 putum
1254 1727 1330 1766 ab
1319 1728 1375 1767 ua
1393 1730 1436 1767 GC

171 1787 424 1823 immunditia.
445 1787 546 1823 Ibid.

122 1843 220 1889 Quid
239 1842 428 1890 significet
449 1853 626 1878 manuum
647 1841 814 1878 levatio?
831 1841 930 1878 Ibid.

121 1900 292 1936 Mulieres
309 1904 486 1947 praeteijca
506 1901 612 1934 orent
631 1898 799 1934 modeste
818 1901 970 1934 ornatae.
991 1896 1044 1936 V.
1071 1901 1153 1934 121.

121 1962 223 1994 Bona
241 1958 289 1994 ad
308 1957 512 2001 orationem
534 1955 746 2003 dispositio.
770 1954 823 1994 V.
850 1958 931 1991 114.

66 2017 69 2021 ’
123 2016 351 2064 Pro’quibus
369 2015 549 2051 orandum
565 2011 637 2053 ?V.
656 2017 700 2050 97
721 2016 757 2048 et
778 2016 822 2049 98

123 2079 191 2111 Pro
209 2075 359 2121 regibus
378 2077 415 2110 et
436 2083 504 2120 pro
522 2082 653 2118 regum
671 2070 865 2106 ministris.
885 2067 1033 2115 Quare?
1049 2067 1102 2107 V.
1127 2071 1186 2105 98.

124 2134 152 2166 A
173 2130 322 2176 regibus
338 2127 492 2164 maxime
511 2126 650 2175 pendet
669 2130 862 2162 externum
883 2123 1077 2172 religionis
1093 2121 1326 2162 exercitium.

122 2188 215 2225 Ideo
234 2200 301 2236 pro
317 2188 368 2225 eis
385 2187 578 2223 orandum.
596 2184 649 2223 V.
671 2189 730 2222 99.

122 2249 189 2282 Pro
215 2245 388 2281 omnibus
417 2243 631 2279 hominibus
661 2253 767 2279 orare
793 2242 934 2278 bonum
963 2241 1004 2278 in
1031 2250 1072 2278 se
1094 2243 1134 2277 et
1158 2242 1237 2277 Deo
1265 2240 1424 2287 gratum.

171 2302 319 2349 Quare?
339 2302 438 2339 Ibid.
632 2305 633 2308 ’

119 2360 214 2408 Quia
231 2364 330 2396 Deus
348 2358 516 2395 omnium
538 2361 684 2395 creator
705 2360 760 2394 est
771 2369 781 2401 3
800 2360 908 2393 Jesus
925 2355 1094 2393 christus
1112 2354 1280 2397 omnium
1300 2354 1428 2392 salva-

170 2408 341 2467 aorspro
359 2416 532 2456 omnibu<
550 2418 719 2452 mortuus
741 2419 810 2453 est.
830 2414 883 2456 V.
905 2418 966 2454 99.
994 2417 1077 2452 100.
