1430 2658
348 85 549 145 ugrum
566 84 805 137 musmo.
835 69 934 128 Cap.
966 69 1048 117 11⁷.
1307 83 1364 138 73

38 145 221 192 ..Da
225 161 319 203 ergo
334 177 348 201 ‚
348 130 502 204 pae'ter
513 148 688 202 requiem
704 147 878 197 sabbati,
895 145 1006 189 aliam
1022 146 1144 193 habet
1157 156 1330 210 requiem
1347 189 1359 210 ,

0 221 76 279 χ)
79 214 352 280 qussssxdudat
376 209 623 276 incredulos,
644 216 808 262 diceus:
827 219 875 260 Si
896 217 1156 263 introibunt
1136 241 1177 266 en
1193 231 1367 283 requiem

49 301 198 330 meam.

82 347 158 407 1.
184 347 228 394 6,
260 341 463 408 Quoniam
483 363 572 403 ergo
592 356 763 403 superest
787 349 946 391 introire
969 353 1186 405 quosdam..
1192 359 1258 401 ,id
1279 370 1339 405 est

42 391 210 476 quando
226 413 384 470 quidem
405 428 531 470 ergo,
549 420 591 456 ut
609 428 660 459 ex
677 415 808 457 verbis
826 413 1023 459 Davidieis
1044 419 1253 476 colligitur,
1288 394 1358 471 alig

40 489 219 541 superest
238 484 392 541 requies
408 484 452 526 in
473 495 588 538 quam
608 481 763 539 quidam
779 485 802 525 a
822 480 908 526 Deo
927 492 1014 527 sunt
1032 488 1316 535 introducendi.

98 547 284 606 Superest
305 549 464 591 introire
479 549 693 604 quosdam,
719 549 759 591 id
780 557 860 604 est,
882 550 1048 594 futurum
1069 561 1127 596 est
1150 563 1190 598 ut
1209 561 1363 613 quidam

9 663 13 666 ,
40 620 258 666 introeant
275 630 346 662 seu
362 612 633 659 introducendi
657 620 757 657 sunt.

90 681 154 723 Ee
164 681 232 732 μ’,
253 679 293 721 id
313 684 398 731 est,
415 684 456 721 et
474 675 651 720 Israelitae
672 679 810 732 quibus
839 680 1027 733 prioribus
1046 688 1267 728 annuntiata
1286 697 1360 732 est.

44 712 121 792 Gt.
137 753 185 803 et<
197 746 273 806 ipsi
294 746 398 800 prius
414 745 705 794 annuntiatione
724 746 863 787 moniti
880 760 959 788 non
977 749 1216 795 introierunt.

98 790 161 853 ld
164 815 245 860 est,
263 814 303 850 et
318 806 372 850 illi
389 807 529 864 quibus
548 809 650 861 prius
671 810 891 850 annuntiata
914 816 996 861 est,
1025 812 1192 865 scilicet,
1215 818 1286 859 sub
1308 819 1362 861 fi-

41 873 134 930 gura
153 875 291 931 quietis
310 875 350 915 in
369 872 470 916 terra
490 871 701 928 promissa,
718 872 767 914 ab
784 871 827 915 ea
847 873 994 916 suerunt
1015 877 1181 928 exclusi,
1203 889 1362 937 propter

42 936 350 988 incredulitatem
371 951 493 980 suam.
535 977 537 980 Α

100 995 196 1058 tq
202 1001 380 1055 ,Ιίᾳηιηι
402 1002 605 1044 terminat.
626 999 712 1056 Syr.
733 1017 857 1044 rursus
871 1032 883 1054 ,
906 1003 1009 1046 diem
1037 1006 1149 1048 aliurn
1169 1010 1330 1062 praefinit
1345 1043 1358 1063 ‚

43 1069 85 1112 id
97 1074 156 1110 est
168 1019 431 1120 ,⁷de1erminat
444 1095 458 1119 ,
476 1080 543 1108 seu
558 1065 730 1120 designat
747 1067 939 1123 quoddam
954 1069 1052 1111 aliud
1065 1077 1216 1128 ternpus
1228 1104 1239 1126 ‚
1259 1076 1363 1129 quod

43 1140 157 1178 vocat
173 1134 275 1175 diem
290 1164 301 1185 ‚
323 1133 457 1183 hodie,
485 1135 525 1173 in
549 1133 683 1173 Dauid
697 1129 799 1174 Psal.
818 1135 932 1175 citato
946 1164 958 1184 ,
983 1136 1132 1186 dicem,

98 1201 198 1243 Post
214 1201 367 1255 lantum
379 1202 580 1254 temporis,
601 1199 703 1254 quod
722 1201 819 1242 inter
835 1197 1021 1255 Moysem
1039 1210 1077 1245 et
1092 1202 1287 1248 Davidem
1303 1208 1362 1250 in-

43 1267 228 1311 tereessit.

98 1329 206 1375 Sicut
224 1344 336 1387 supra
357 1328 500 1371 dictum
518 1335 598 1379 est,
623 1341 705 1382 cap.
730 1325 780 1376 3,
808 1324 866 1380 Y·
888 1343 909 1382 7
926 1358 938 1380 ‚
961 1328 988 1370 8
1005 1361 1017 1383 ,
1048 1338 1122 1373 etc.
1148 1333 1283 1386 hodie,
1315 1338 1356 1378 in

41 1397 120 1441 hoc
137 1403 336 1452 ternpore,
355 1398 392 1436 si
413 1409 548 1437 vocem
571 1393 753 1443 Domini,
775 1407 824 1435 ne
844 1395 925 1436 sitis
944 1397 1016 1450 ipsi
1037 1397 1202 1440 rebelles
1219 1407 1257 1441 et
1286 1403 1355 1443 iu·-

42 1462 203 1507 creduli.

99 1535 353 1587 Paueioribus
375 1533 529 1583 verbis,
556 1534 642 1588 quia
660 1539 834 1588 superest
862 1533 930 1577 alia
954 1537 1105 1589 requies
1119 1567 1130 1588 ,
1151 1538 1172 1577 ὲ
1189 1534 1263 1591 qua
1282 1553 1354 1580 ex-

43 1606 139 1648 clusi
158 1603 310 1646 fuerunt
325 1599 352 1642 J
357 1601 451 1642 udaei
470 1598 667 1641 increduli.

100 1668 211 1712 Hinc
225 1666 335 1711 Deus
347 1697 358 1716 ‚
375 1680 425 1708 ne
441 1679 560 1707 vacua
574 1670 771 1706 remaneat
785 1663 842 1705 illa
861 1667 1010 1718 requies
1022 1697 1034 1716 ‚
1049 1665 1181 1707 fideles
1192 1699 1202 1715 ,
1217 1667 1257 1709 id
1271 1675 1351 1719 est,

43 1735 282 1781 Christianos
298 1735 433 1775 invitat
450 1731 500 1773 ad
515 1731 615 1773 illam
629 1761 640 1782 ‚
662 1730 795 1772 dicens
812 1745 881 1785 per
898 1728 1092 1786 Davidem
1118 1733 1273 1774 :Hodie
1283 1764 1299 1785 ‚
1322 1736 1360 1775 si

40 1818 180 1847 vocem
195 1800 360 1843 Domini
374 1796 600 1846 audieritis,
620 1803 693 1836 etc.

100 1868 202 1910 Post
216 1867 372 1908 tantiam
392 1863 599 1919 temporis,
617 1876 693 1917 quo
710 1862 852 1904 scilicet
869 1861 964 1904 sacta
982 1861 1049 1905 suit
1069 1869 1176 1905 terrae
1194 1867 1358 1919 promis-

45 1951 101 1980 sae
119 1935 352 1978 distributio.

68 2000 178 2044 His
197 2001 326 2043 verbis
348 1997 491 2040 indicat
510 1996 625 2037 etiam
647 1993 751 2048 qubd
772 1992 821 2035 de
839 1996 969 2046 quiete
995 1997 1035 2035 in
1055 1990 1130 2035 hac
1150 1992 1250 2036 terra
1277 2010 1358 2038 non

23 2083 26 2086 ’
42 2074 172 2122 agatur
192 2066 234 2107 in
250 2060 430 2113 Psalmo,
447 2060 517 2103 sed
537 2059 588 2101 de
604 2056 674 2102 alia
692 2071 761 2113 per
778 2056 877 2098 hanc
900 2056 1069 2111 figurata.

99 2131 250 2172 Iterum
269 2127 454 2168 terminat
473 2125 598 2175 di‚em
614 2121 651 2163 id
677 2128 758 2173 est,
777 2123 939 2176 spatium
959 2124 1050 2162 vitae
1074 2128 1239 2185 nostrae,
1263 2138 1357 2178 quo,

42 2198 75 2238 si
93 2192 183 2238 Deo
196 2191 482 2239 obedierimus,
504 2187 771 2229 introibimus
761 2200 800 2227 in
815 2187 986 2241 requiem
1003 2182 1095 2227 Dei.

101 2254 150 2305 ἵ
177 2260 221 2303 8.
238 2258 352 2301 Nam
371 2255 479 2297 sicis
506 2253 639 2295 Jesus.
657 2250 747 2307 Syr.
772 2251 903 2293 addit:
922 2250 1020 2293 filius
1051 2248 1170 2300 Nun,
1205 2252 1246 2295 id
1276 2260 1360 2307 est,

43 2327 196 2381 Josue,
214 2326 296 2378 eis,
320 2324 360 2367 id
392 2329 472 2374 esi,
498 2321 662 2375 antiquis
676 2316 865 2371 israelus,

103 2394 293 2447 Requiem
305 2388 574 2444 proestitissct‚
587 2384 635 2427 de
653 2398 724 2439 qua
708 2380 901 2437 Spiritus
915 2387 1068 2423 sanctus
1083 2382 1124 2422 in
1143 2394 1257 2424 sensu
1272 2384 1365 2426 sub·

48 2460 198 2503 limiore
217 2465 256 2502 et
271 2458 439 2514 mystico
459 2452 631 2507 intelligit
649 2450 769 2493 verba
786 2446 876 2492 Das
878 2448 1008 2490 1d1s1n
1025 2445 1126 2490 Psal
1143 2448 1212 2505 9l.

217 2529 280 2558 η
1036 2548 1046 2553 -
1194 2507 1223 2559 4
