1430 2658
90 110 178 165 224
473 121 698 152 ms‘romt
726 121 784 152 An
814 121 1026 153 HEBaAEos

378 346 605 394 CAPUT
646 345 1132 395 DUODECIMUM.

663 490 826 532 Tcxtus.

97 644 136 672 1.
154 592 368 680 Iunoque
384 633 427 670 et
446 641 527 671 nos
544 633 711 670 tantam
729 622 944 671 habentes
965 623 1224 682 impositam
1243 624 1414 670 nuBem

92 695 270 744 testium
285 734 297 755 ‚
323 697 594 755 deponentes
609 715 740 744 omne
762 698 938 755 pondus
955 708 997 744 et
1017 698 1312 745 circumstans
1327 715 1414 747 nos

95 782 352 830 peccatum,
384 790 463 830 per
491 773 752 830 patientiam
777 790 1008 820 curramus
1039 773 1092 819 ad
1132 772 1418 832 propositum

97 845 228 915 nobis
243 856 490 901 certamem
514 895 539 917 2

152 1016 191 1042 2.
208 995 487 1054 Aspicientes
506 994 551 1040 in
571 1003 797 1040 auctorem
819 993 923 1039 fidei
940 1004 981 1039 et
1001 1006 1417 1045 consummatorem

91 1058 274 1125 jesum,
304 1068 380 1126 qui
404 1068 634 1126 proposito
665 1066 747 1114 sibi
771 1066 934 1126 gaudio
959 1069 1170 1115 sustinuit
1200 1087 1380 1119 crucem
1398 1107 1414 1127 ,

92 1142 353 1190 confusione
385 1142 660 1200 contempta,
697 1150 828 1199 atque
864 1140 913 1187 in
949 1141 1127 1190 dextera
1165 1144 1281 1193 sedis
1317 1146 1413 1194 Dei

88 1218 224 1265 sedet.

147 1326 188 1369 3.
217 1321 475 1382 Recogitate
498 1321 617 1369 enim
642 1340 744 1369 eum
764 1322 839 1382 qui
862 1323 997 1370 talem
1018 1324 1228 1372 sustinuit
1258 1332 1283 1372 a
1304 1342 1412 1385 pec·

89 1396 311 1443 catoribus
335 1396 571 1443 adversum
596 1397 885 1455 semetipsum
921 1397 1338 1459 contradictionem,
1364 1409 1415 1447 ut

88 1487 146 1518 ne
164 1470 406 1531 fatigemini
427 1471 586 1519 animis
610 1471 765 1518 vestris
790 1471 1061 1520 deficientes.

154 1596 195 1647 4.
217 1590 434 1639 Nondum
461 1590 580 1638 enim
605 1608 744 1650 usque
773 1591 831 1637 ad
866 1591 1128 1653 sanguinem
1163 1589 1413 1649 restitistis,

101 1664 310 1711 adversus
348 1666 580 1722 peecatum
605 1674 931 1725 repugnantes:

147 1900 189 1945 5.
208 1897 264 1944 Et
292 1897 415 1945 obliti
446 1897 550 1946 estis
572 1900 888 1948 consolationis
916 1895 1164 1960 quae'vobis
1195 1913 1411 1962 tanquam

91 1970 194 2019 filiis
212 1971 408 2030 loquitur
424 2009 436 2030 ‚
460 1973 610 2021 dicens
634 1975 739 2020 :Fili
755 1976 837 2030 mi,
859 1976 953 2023 noli
970 1976 1192 2036 negligere
1212 1976 1413 2036 discipli-

91 2065 197 2094 nam
227 2047 450 2106 Domini,
483 2067 626 2108 neque
654 2050 870 2112 fatigeris,
906 2052 1012 2098 dum
1040 2053 1096 2098 ab
1118 2070 1171 2100 eo
1194 2055 1412 2114 argueris.

147 2243 188 2286 6.
209 2240 360 2303 Quem
390 2243 509 2290 enim
539 2246 680 2306 diligit
713 2248 943 2296 Dominus
965 2248 1183 2312 castigat:
1214 2253 1415 2314 flagellat

91 2323 239 2362 autem
259 2334 439 2364 omnem
463 2320 605 2366 filium
626 2339 759 2379 quem
783 2323 955 2382 recipit.
