1474 2658
92 82 182 136 340
402 93 539 125 min-:x
571 94 727 125 neuun
758 94 814 127 ΕΤ
849 92 1107 132 vsmscxtm.

89 156 239 203 Duplex
256 157 394 191 aeterna
407 152 603 190 beatitudo
617 153 802 202 partialis.
825 153 889 191 IV.
911 148 999 191 362.
1017 157 1105 191 363.
1140 176 1148 184 ·

95 213 233 249 Motiva
253 211 333 259 spei
351 209 697 248 christianae.1bid.

94 269 368 318 Pei-pendenda
387 269 488 305 circa
511 280 614 316 spem
630 272 668 304 et
686 267 859 315 urgentia
879 268 927 304 ad
947 266 1179 305 illam.1bid.
1201 267 1295 305 Vide
1314 268 1415 318 Spes

98 332 184 363 Duo
206 326 252 362 ati
270 326 547 364 beatitudiuem
567 329 746 362 aeternam
759 326 1011 370 conducunt;
1025 324 1118 363 fides
1136 326 1221 363 viva
1243 327 1415 375 gioiiosae

145 385 286 421 Cin-isti
306 384 625 430 Resurrectionis,
657 388 694 420 et
721 383 961 430 communio,
991 394 1059 420 seu
1089 383 1248 421 societas
1269 384 1416 433 passio-

146 454 239 478 num
254 441 405 488 Christi.
423 445 480 479 lv.
505 445 591 479 257.
618 441 711 478 vide
730 439 874 488 Fides,
901 441 1126 478 Passiones.

621 517 706 549 BEN
711 516 901 550 EDICTIO.

98 590 171 627 Dei
191 589 410 627 benedictio
445 591 465 627 a
491 590 630 627 nostris
663 584 993 626 benedictionibus
1023 588 1207 638 quantum
1235 586 1414 625 differat!

150 648 217 684 IV.
235 651 271 684 9.

99 706 221 753 Quam
242 706 391 742 differat
409 707 626 751 benedictio
648 707 732 742 data
753 706 973 743 Christianis
1002 718 1070 754 per
1090 705 1273 743 Christum
1287 733 1298 753 ,
1314 706 1334 741 a
1347 706 1416 742 he-

147 764 428 800 nedictionibus
443 774 517 800 -seu
542 763 738 800 beneficiis
764 764 910 800 collatis
934 764 954 799 ὲι
975 767 1053 800 Deo
1091 762 1261 800 Judaeis?
1282 762 1355 800 IV.
1375 767 1415 799 9.

101 821 275 858 Christus
305 824 360 856 est
374 820 650 856 benedictionis
669 823 863 864 centrum,
854 834 862 841 ·
890 820 936 855 ab
959 820 1066 868 ipso,
1087 823 1125 855 et
1145 820 1193 855 ob
1206 818 1331 868 ipsum
1347 819 1416 855 be-

150 878 316 921 nedicti,
331 879 560 925 quicumque
580 877 787 914 benedicti.
808 877 841 913 1.
859 881 946 914 246.

96 934 147 970 In
165 934 312 970 Christo
326 935 527 981 quaerenda
550 934 764 970 benedictio
782 933 883 979 fide,
903 931 1113 978 charitate,
1129 931 1253 970 etc.1.
1277 934 1362 969 247.

102 991 212 1030 Sicut
239 991 408 1027 Christus
433 995 490 1026 est
513 990 794 1027 benedictionis
823 993 1016 1035 centrum,
1040 991 1061 1026 3
1078 961 1286 1037 qufflnobis
1298 991 1421 1026 bene-

147 1048 290 1091 dictio3
320 1049 373 1084 ita
394 1052 567 1084 centium
594 1051 649 1085 est
674 1048 714 1084 in
741 1058 816 1095 quo
835 1051 954 1083 Deum
974 1047 1155 1083 debemus
1167 1047 1412 1086 benedicere.

148 1106 311 1143 Ibidem.

597 1159 932 1194 BENEFICENTIA.

99 1227 335 1263 Christianus
354 1227 566 1265 benefaciat
589 1229 762 1265 omnibus
775 1258 784 1274 ,
803 1229 890 1276 quia
903 1228 972 1265 Dei
993 1226 1108 1266 filius.
1127 1232 1157 1266 1.
1181 1232 1266 1266 332.

100 1286 355 1323 Beneficentia
386 1291 442 1323 est
470 1288 604 1325 unicus
633 1290 808 1325 vindictae
845 1288 978 1324 modus
1008 1287 1222 1325 Christiano
1260 1297 1423 1325 conces·

153 1356 230 1382 sus.
270 1373 279 1381 .
299 1348 384 1381 395.
407 1349 491 1382 396.

105 1398 233 1436 Beneh
284 1401 362 1436 ntia
378 1412 466 1448 erga
487 1405 636 1437 sanctos
651 1406 707 1438 est
721 1403 853 1438 modus
868 1402 990 1439 facilis
1001 1401 1257 1450 participandi
1270 1403 1424 1437 saneto-

154 1471 239 1495 rum
258 1461 402 1496 meritis
415 1489 424 1504 ‚
443 1465 480 1497 et
498 1461 585 1497 ideo
602 1460 725 1497 facilis
744 1462 953 1498 ditescendi
973 1462 1119 1498 modus.
1137 1460 1213 1501 IV.
1230 1464 1317 1497 201.

99 1515 190 1551 Mira
203 1515 242 1551 in
259 1515 332 1552 hoc
351 1517 418 1552 Dei
440 1517 585 1552 bonitas
603 1517 643 1552 in
657 1516 895 1554 infirmiores
910 1516 1010 1554 Ibid.

47 1607 50 1611 ,
103 1572 262 1607 Pulchra
277 1572 346 1607 bac
360 1573 407 1608 de
425 1583 465 1608 re
479 1573 726 1609 similitudo]
735 1577 777 1609 V.
798 1577 885 1609 202.
904 1572 996 1608 Vide
1011 1571 1273 1620 Eleemosyna
1286 1597 1297 1619 ,
1316 1569 1421 1608 Corn-

155 1632 381 1666 manicatio.
782 1669 786 1672 ,

648 1684 732 1716 BEN
737 1683 897 1716 EFICIA.

106 1760 296 1797 Beneficia
311 1762 450 1797 Judaeis
471 1763 580 1798 allata
602 1763 804 1809 gratiarum
819 1762 928 1798 nobis
943 1762 1166 1799 collatarum
1181 1762 1322 1798 umbrae
1340 1763 1429 1797 tan-

160 1819 254 1854 timi.
275 1818 330 1856 11.
348 1822 434 1856 234.
448 1820 541 1856 vide
555 1820 686 1856 Judaez'
700 1847 710 1864 ,
731 1819 847 1855 NIare
868 1819 1041 1857 Rubrum
1053 1848 1063 1865 ,
1082 1819 1238 1856 Manna
1253 1845 1265 1867 ,
1280 1818 1421 1856 Horeb.

671 1906 849 1938 BERITH.

111 1988 211 2034 Quid
231 1986 447 2032 signifieat?
476 1991 597 2032 Quare
616 1990 653 2023 et
675 1999 694 2022 a
718 1986 856 2034 quihus
882 1987 1160 2055 Testamentum
1184 1986 1243 2020 est
1268 1982 1430 2021 traduc-

166 2044 575 2082 t11=11?VI.194.195

114 2102 346 2137 Allucinatio
371 2101 534 2148 Erasmi,
555 2099 766 2137 Melchioris
784 2099 903 2148 Cani,
924 2103 961 2136 et
981 2097 1164 2146 cajetani.
1185 2102 1267 2135 194.

653 2187 851 2221 BIGAMIA.

107 2266 277 2315 Bigamia
296 2269 351 2302 est
378 2266 634 2312 irregularitas
652 2276 784 2301 arcens
807 2265 852 2300 ab
875 2263 1096 2312 episcopatu
1113 2287 1123 2306 ,
1146 2259 1358 2315 sacerdotio
1386 2263 1427 2296 et

169 2324 388 2359 diaconatu.
409 2326 555 2359 V.130.
583 2327 665 2359 131.
691 2327 775 2359 132.

106 2383 399 2434 Antiquissimus
409 2387 464 2419 est
476 2383 650 2421 Ecclesiae
664 2395 752 2419 usus
767 2383 939 2430 bigamos
952 2391 1029 2416 non
1042 2377 1260 2416 ordinandi.
1273 2383 1318 2416 V.
1337 2381 1399 2416 131
1411 2405 1422 2414 .

112 2450 190 2483 Cur
207 2442 352 2492 bigami
367 2443 413 2480 ab
433 2442 655 2492 episcopatu
673 2439 926 2491 rejiciantur?
943 2443 986 2479 V.
1004 2443 1088 2479 131.
1112 2441 1196 2477 132.
