1474 2658
111 71 215 124 ,318
430 80 568 111 mnssx
600 79 760 110 nerum
791 79 846 111 Er
869 79 1144 115 vertumnus.

129 146 172 178 ln
193 140 341 177 Christo
361 139 483 176 omnis
499 137 701 187 plenitudo
718 138 1106 181 inhabitat.1v.⁸1·1.

131 198 302 235 Christus
319 197 402 233 sons
420 197 643 243 gratiarum.

131 253 271 289 Christi
291 252 496 304 dignitates
514 253 562 289 ad
575 264 645 289 nos
663 253 1142 295 relativae.1V.317.318.

128 306 325 354 Quomodo
350 309 407 344 his
426 308 678 356 dignitatibus
697 311 752 346 uti
778 311 1092 350 debemus.1bid.

127 366 390 402 Attendenda
380 378 420 403 m
435 370 572 404 nostrae
589 368 913 405 reconciliationis
934 369 1047 406 modo
1063 380 1134 418 per
1153 368 1361 436 Christum.
1379 374 1441 409 lv.

178 428 264 461 318.

125 482 266 519 Christi
285 493 398 531 super
413 494 542 520 omnes
558 484 763 532 prophetas
781 486 1054 534 praerogativae.
1071 485 1146 527 VI.
1169 490 1247 524 18.-

126 539 265 576 Christi
284 552 395 588 super
417 541 648 588 patriarchas
674 544 913 581 excellentia.
936 549 997 582 VI.
1023 549 1082 583 10.

80 595 82 597 ’
125 598 263 634 Christi
280 610 393 646 super
408 604 561 646 Moysen
588 600 824 637 excellentia.
850 606 911 639 VI.
936 606 995 639 11.

125 654 265 691 Christi
283 666 396 703 super
414 660 595 693 Aaronem
614 658 865 695 excellentia.
894 662 954 696 Vl.
979 664 1036 697 13.

125 712 266 749 Christi
284 722 396 761 super
414 716 570 762 angelos
588 716 830 753 excellentia.
850 721 909 753 VI.
935 722 994 754 13.
1014 721 1073 754 14.

124 769 293 806 Christus
307 797 318 815 ‚
338 774 381 807 ut
408 771 542 817 homo,
559 771 682 808 factus
700 777 757 810 est
777 774 894 810 haeres
911 775 993 811 Dei.
1016 775 1074 811 VI.
1103 779 1139 812 9.
1184 790 1186 792 ’

124 828 264 865 Christi
286 831 481 876 generatio
505 831 690 878 explicata
721 844 790 880 per
809 833 1093 871 similitudines.
1115 837 1175 872 VI.
1200 838 1258 871 11.

124 886 265 923 Christi
281 887 416 935 triplex
434 888 611 924 nativitas
629 888 672 924 in
696 888 844 936 triplici
863 894 977 928 statu.
999 894 1056 927 VI.
1093 894 1151 927 10.
1201 914 1209 921 -

123 945 295 981 Christus
314 956 388 982 rex.
406 951 467 983 vl.
493 952 551 984 16.

122 1001 294 1048 Epitome
312 1001 401 1038 fidei
423 1003 470 1039 de
488 1003 650 1039 Christo.
671 1006 728 1039 VI.
754 1008 811 1040 ¹7.
834 1008 891 1041 18.

124 1057 296 1094 Christus
317 1059 487 1095 omnium
502 1058 702 1097 Dominus.
723 1064 783 1097 VI.
805 1066 865 1098 33.

124 1115 295 1152 Christus
313 1116 445 1153 similis
461 1118 601 1154 Adamo
621 1117 660 1153 in
679 1118 926 1154 contrarium.
948 1121 978 1154 Ι.
1002 1120 1085 1155 119.

123 1175 294 1228 Christus
321 1176 556 1225 multo-plus
585 1176 757 1226 profuit,
780 1176 893 1225 quam
921 1176 1056 1213 nocuit
1083 1175 1261 1213 Adamus.
1285 1179 1315 1213 1.
1349 1179 1440 1214 120.

178 1236 260 1269 121.
286 1237 368 1270 122.

123 1291 260 1327 Gratiae
280 1292 420 1328 Christi
438 1291 719 1339 praecellentiae.
741 1295 770 1330 1.
794 1297 876 1330 125.

121 1352 165 1385 In
183 1349 330 1386 Christo
352 1361 438 1387 vera
460 1350 532 1386 fuit
558 1351 790 1388 obedientia.
814 1352 847 1388 1.
877 1356 962 1388 122.

123 1406 346 1443 obedientia
368 1406 508 1442 Christi
527 1406 601 1442 fuit
618 1412 817 1454 perpetua.
836 1408 938 1445 lhid.

122 1463 384 1500 Inobedientia
406 1468 462 1500 est
480 1469 679 1511 peccatum
698 1465 921 1501 universale.
941 1465 1042 1501 Ibid.

123 1523 291 1559 Christus
304 1523 387 1560 fons
399 1523 482 1560 vitae
490 1533 558 1570 per
571 1527 727 1559 mortem
740 1524 922 1559 destruxit
932 1523 1065 1559 mortis
1074 1521 1438 1571 principem.Vl.48.

124 1580 295 1617 Christus
314 1585 441 1618 noster
467 1582 670 1628 Apostolus
698 1585 736 1617 et
755 1581 935 1618 Pontifex.
956 1584 1017 1618 Vl.
1039 1584 1099 1618 50.

122 1638 291 1674 Christus
312 1639 426 1687 Moysi
446 1643 697 1686 comparatus.
717 1639 787 1678 VI.
810 1643 869 1676 51.

123 1694 292 1730 Christus
309 1696 425 1742 Moysi
441 1697 630 1743 praelatuS.
651 1696 751 1732 Ibid.

121 1752 361 1788 Excellentiae
380 1752 517 1788 Christi
543 1763 654 1799 supra
676 1757 840 1799 Moysen.
862 1753 963 1790 Ibid.

123 1808 294 1853 Christus
308 1812 363 1844 est
379 1809 511 1855 gratia.
531 1809 678 1853 Quare?
700 1814 744 1845 V.
766 1813 850 1846 349.

121 1864 218 1901 Huic
235 1865 304 1901 Dei
332 1865 460 1912 gratiae
476 1853 714 1901 substantiali
732 1867 841 1902 unire
857 1866 1011 1913 jugiter.
1037 1866 1136 1902 Ibid.

124 1921 295 1958 Christus
313 1922 446 1958 doctor
474 1925 602 1957 noster
625 1937 633 1958 :
662 1926 754 1969 quot
771 1922 923 1958 modis?
940 1926 980 1958 V.
1009 1926 1095 1958 ⁸50.

124 1978 223 2024 Quid
242 1977 364 2015 facere
383 1979 518 2014 debeat
535 1989 640 2014 verus
658 1978 798 2014 Christi
817 1979 1056 2026 discipulus?
1073 1978 1170 2015 Ibid.

122 2034 242 2081 Hujus
261 2034 427 2070 doctoris
443 2034 564 2070 nostri
582 2047 652 2071 vox
671 2035 820 2082 triplex.
842 2036 937 2073 lbid.

122 2091 286 2128 Primum
307 2092 445 2129 Christi
464 2093 731 2129 documentum
747 2120 757 2137 ,
778 2094 991 2141 abnegatio.
1013 2098 1054 2131 V.
1079 2098 1163 2131 352.

123 2149 338 2186 Secundum
367 2149 503 2185 Christi
538 2150 805 2187 documentum
818 2177 828 2196 ‚
860 2152 1002 2199 pietas,
1035 2150 1181 2199 justitia
1194 2175 1205 2196 ,
1240 2146 1438 2186 sobrietas.

174 2208 218 2242 V.
240 2209 325 2242 355.

124 2262 290 2299 Tertium
302 2263 440 2300 Christi
453 2265 734 2310 documentum,
747 2276 831 2312 spes
848 2269 996 2302 aeternae
1013 2263 1275 2302 beatitudinis.
1292 2261 1389 2299 Ibid.

125 2321 274 2368 Triplex
292 2321 431 2359 Christi
447 2325 576 2358 status.
598 2326 657 2358 Vl.
681 2326 740 2360 34.

126 2379 259 2415 Omnia
276 2380 386 2416 nobis
404 2391 470 2428 per
488 2380 675 2416 Christum
689 2408 699 2425 ‚
722 2384 759 2417 et
778 2381 825 2417 ob
844 2380 1047 2418 Christum.
1067 2383 1112 2417 11.
1135 2383 1197 2423 30.

127 2437 225 2484 Quid
243 2438 292 2475 sit
309 2438 498 2476 Christum
511 2437 698 2476 induere?
716 2442 743 2475 1.
763 2441 848 2475 447.
867 2440 952 2476 348.
