1430 2658
0 0 97 36 W?
124 0 191 10 ’“’.”“
237 0 243 3 “
266 0 271 9 K
348 13 359 20 .
524 7 532 26 1

133 33 150 51 ι’
222 50 227 53 ,

346 100 547 137 τηυξ-τ
555 100 794 134 lxma-’na
827 87 942 144 Capu
958 89 1038 130 ix.
1279 100 1356 146 ¹97

39 165 141 221 h
151 159 621 221 mdhntfflpsiim
633 163 771 218 ptmiae
782 195 793 213 ‚
811 165 906 205 sicut
925 162 1085 204 faciebat
1101 173 1273 202 summus
1286 173 1357 201 sa·-

44 224 209 282 sserdos}
231 235 332 277 etc.;
353 229 394 271 id
410 234 496 280 est,
521 225 635 269 Jesus
653 224 826 269 Christus
848 226 1020 280 pontifex
1036 232 1166 266 noster
1189 225 1360 266 introivit

44 293 272 345 ἱιμῐᾳζαη,
297 301 436 341 ‘nomut
457 292 551 338 hine
569 292 781 347 egrediatur
800 299 839 334 et
860 293 1109 345 semetipsum
1129 286 1214 330 Deo
1232 296 1379 330 rursus‘

48 360 483 410 offkr'a'tinsacrifieinm
503 367 716 402 cruentum.

67 454 72 468 «
105 425 445 480 Quemadmodum
469 425 642 481 pontifex
667 424 897 472 Antoninus,
924 425 965 465 in
983 417 1126 464 Sancta
1143 426 1365 462 sanctorum*

48 496 119 550 p'er
133 493 303 548 singulos
319 507 466 546 annos,
486 506 572 534 oum
589 493 774 546 sanguine
788 505 867 532 non
884 503 955 532 suo
966 519 978 539 ‚
999 488 1070 530 sed
1088 486 1182 529 hirci
1200 494 1241 528 et
1254 486 1363 528 vituli

47 569 147 617 quos
167 562 270 615 prius
291 558 570 603 immolaverat.

102 619 240 678 Itaque
258 622 431 678 quaedam
453 621 662 664 afferuntur
678 621 743 663 hic
761 619 1101 663 dissimilitudines.

106 686 259 744 Legalis
285 688 461 745 pontifex
484 690 523 730 in
548 690 800 730 sanctuarium
827 686 989 728 intrabat
1012 699 1094 727 non
1119 682 1266 735 semel,
1294 682 1364 725 sed

48 753 191 808 pluries
205 786 218 806 ,
241 753 398 808 singulis
416 753 560 794 scilicet
576 755 701 795 annis.

109 819 461 864 Christusintravit·
477 823 516 861 in
535 821 671 863 coelurn
685 851 696 870 ‚
718 820 808 862 inde
826 834 1020 874 nunquam
1039 820 1223 861 abiturus.

75 904 83 917 ⁷
106 884 258 942 Legalis
275 887 449 942 pontifex
467 901 597 929 secum
618 885 763 929 serebat
780 888 1004 939 sanguinem
1026 883 1218 925 hircorum
1238 890 1276 925 et
1297 886 1366 924 vi·-

49 952 213 995 tulorum
233 966 330 1010 quos
347 952 632 1004 immolaverat,
651 958 689 993 et
710 949 792 993 haec
807 949 988 991 sacrificia
1003 951 1205 1003 quotannis
1222 947 1271 989 ad
1291 946 1365 989 Dei

53 1015 308 1071 placationem
330 1017 570 1057 instaurabat.
929 1028 936 1034 ·

110 1076 285 1130 Christus
309 1081 557 1132 semetipsum
570 1108 582 1129 ,
604 1080 667 1132 qui
687 1077 839 1118 victima
863 1075 981 1117 iactus
1000 1081 1056 1116 est
1079 1077 1117 1116 in
1136 1074 1199 1116 ara
1219 1077 1365 1124 crucis,

49 1151 88 1187 at
109 1142 265 1188 victime
279 1147 393 1188 unica
406 1176 416 1195 ‚
443 1153 623 1201 praestans
639 1145 828 1186 infinitum
845 1144 925 1185 aliis
941 1145 1108 1185 victimis
1127 1145 1241 1184 toties
1259 1155 1377 1197 repe*

57 1213 136 1254 titis
150 1241 163 1260 ,
188 1227 263 1254 nec
279 1213 504 1255 reiteranda.

66 1272 67 1276 ¹
107 1272 284 1319 Christus
295 1277 422 1330 itaque
438 1274 610 1330 pontifex
626 1281 778 1326 noster,
796 1289 905 1316 suum
918 1276 1111 1328 proprium
1126 1274 1372 1327 sanguinem‚'

51 1338 170 1382 semel
192 1353 261 1394 pro
285 1341 397 1382 nobis
419 1339 543 1381 susum
559 1370 571 1390 ,
599 1342 777 1382 continue
792 1352 810 1388 ,·
832 1346 872 1380 ut
899 1338 1073 1393 pontifex
1089 1370 1100 1390 ‚
1126 1336 1374 1393 repraesentat

50 1403 180 1458 Patri,
204 1406 254 1451 ad
271 1414 442 1450 nostram
463 1407 622 1450 salutem
639 1423 649 1449 ε
667 1406 750 1449 haec
764 1413 892 1449 autem
911 1409 1105 1461 sanguinis
1124 1406 1218 1447 illius
1236 1404 1370 1446 effusio

51 1487 249 1528 nunquam
271 1475 523 1517 reiterabitur.

110 1537 168 1593 fi.
194 1539 262 1582 26.
291 1541 474 1596 Alsoqm'n
495 1542 698 1594 oportebat
717 1557 803 1582 eum
817 1539 1047 1596 frequenter
1060 1542 1205 1595 poti...

109 1604 326 1659 Alioquin,
355 1605 395 1646 id
416 1613 501 1657 est,
528 1608 560 1647 si
587 1607 698 1647 unica
726 1603 868 1646 Christi
893 1607 1034 1648 oblatio
1050 1637 1062 1657 ‚
1098 1599 1255 1661 ejusque
1278 1617 1375 1647 san·

2 1713 12 1723 ‚
51 1670 175 1723 guinis
196 1668 360 1723 effusio»,
383 1685 463 1712 non
481 1678 582 1712 esset
602 1670 752 1713 infinite
774 1671 966 1714 sufficiens
986 1672 1035 1714 ad
1059 1675 1232 1714 omnium
1255 1685 1372 1727 pror·-

52 1748 118 1775 sus
132 1733 334 1777 hominum
354 1735 514 1778 salutem
530 1766 542 1787 ‚
565 1736 635 1778 sed
653 1739 700 1778 iis
722 1740 865 1778 tanturn
890 1738 1087 1794 prodesset
1104 1741 1173 1795 'qui
1194 1745 1288 1780 tunc
1306 1739 1375 1778 vi-·-

50 1801 218 1852 vehant,
238 1801 474 1856 expediisset
487 1817 568 1844 non
588 1802 717 1844 tandiu
736 1800 930 1845 Christum
950 1806 1142 1859 promitti;
1160 1804 1230 1846 sed
1245 1805 1375 1845 statim

51 1863 100 1908 ab
126 1866 234 1907 initio
264 1865 398 1907 mundi
425 1868 548 1917 mitti,
572 1873 614 1908 ut
644 1881 750 1922 saepe
770 1875 900 1922 posset
923 1871 1023 1924 pati,
1047 1869 1226 1923 singulis,
1251 1884 1290 1909 v.
1315 1883 1353 1923 g.

55 1929 228 1980 saeculis,
252 1944 322 1985 pro
346 1931 502 1985 singuiis
519 1934 842 1985 generationibus-

110 1996 233 2037 Ntmc
248 2003 380 2036 autem
402 1998 563 2039 semel...
580 2006 617 2039 at
634 2002 728 2040 vert>
744 2012 823 2040 non
848 2000 899 2040 ita
920 1998 1056 2040 sactum
1077 2006 1159 2050 est,
1177 2013 1252 2040 nec
1268 2013 1371 2054 saepe

53 2074 183 2116 passus
195 2068 253 2103 est
269 2058 463 2112 Christus,
480 2078 554 2106 nec
565 2079 669 2118 saepe
683 2079 725 2106 se
740 2065 906 2106 ostendit
924 2067 960 2106 in
975 2065 1117 2107 coelesti
1134 2067 1346 2108 sanctuario
1359 2080 1371 2113 3

51 2127 119 2168 sed
140 2129 262 2168 semel
279 2132 425 2171 tantum
440 2160 453 2180 ‚
474 2130 590 2184 idque
607 2132 645 2171 in
663 2130 742 2172 fine
758 2130 982 2173 saeculorum
995 2163 1007 2183 ,
1027 2135 1279 2188 semetipsum
1300 2134 1376 2174 ob·

53 2191 132 2233 tulit
150 2191 199 2234 ad
219 2192 467 2235 abolitionem
494 2197 637 2249 peccati
662 2212 673 2237 :
697 2203 898 2250 postquam
922 2203 1048 2238 autem
1069 2200 1223 2239 victima
1243 2205 1372 2239 nostra

53 2259 135 2311 ipse
152 2255 270 2299 sactus
290 2264 368 2309 est,
390 2260 429 2299 in
451 2262 702 2301 sanctuarium
729 2263 919 2315 ingressus
946 2269 1032 2313 est,
1061 2278 1249 2318 suumque
1277 2277 1374 2304 san-

52 2323 206 2375 guinem
232 2322 345 2364 ossert
376 2330 415 2364 ut
445 2326 603 2378 gratiam
634 2325 747 2367 nobis
773 2328 973 2381 impetret,
1005 2326 1078 2383 quai
1110 2334 1309 2382 peccatum
1335 2328 1377 2369 iu

53 2389 167 2429 nobis
187 2389 395 2432 aboleatur.

110 2447 259 2496 Dicitur
278 2456 319 2494 in
344 2457 680 2496 consummatione
698 2457 952 2508 soeculorum,
976 2473 1064 2511 seu,
1084 2465 1126 2500 ut
1150 2461 1200 2500 ait
1223 2455 1371 2513 Syrus,
