1430 2658
355 76 552 142 ‘tergm
578 89 830 127 exrosmo.
858 76 960 133 Cap.
997 74 1078 119 Vl.
1308 85 1392 137 ιρι

412 283 416 288 ’
455 274 683 364 cAeU‘r
715 311 1007 361 SEXTUM.

586 440 873 498 Paroplirasa's.

63 530 329 625 Quoniam
343 596 354 614 ‚
378 565 473 606 sicut
498 576 593 604 mox
611 561 716 612 dixi,
743 560 1001 616 perfectorum
1022 556 1163 599 solidus
1180 562 1238 597 est
1257 557 1401 609 cibus,

61 639 106 676 ut
135 647 206 675 vos
229 647 278 674 ex
311 628 469 674 infantia
492 635 710 679 exeuntes,
739 628 787 669 ad
814 626 1092 681 perfectionem
1121 622 1398 674 contendatis,

58 698 214 738 omissis
244 693 456 736 christianae
493 693 677 734 doctrinae
706 691 956 739 rudimentis,
985 687 1034 729 ad
1061 687 1191 729 altiora
1217 684 1400 739 ejusdem

68 759 257 802 doctrinae
273 759 459 814 mysteria
475 756 663 802 seramur;

129 821 222 868 Non
248 837 394 879 rursum
418 836 492 864 vos
515 823 754 863 instituentes
774 821 812 860 in
836 821 880 860 iis
900 832 987 873 quae
1012 824 1099 859 sunt
1125 816 1402 858 christianismi

65 887 342 940 fundamenta,
365 886 492 944 quales
517 893 604 928 sunt
627 887 852 940 poenitcntia
871 882 1112 939 Baptismum
1140 882 1395 937 praecedens,

62 953 140 1009 qua
171 953 359 995 receditur
379 957 402 994 ὲ
424 954 586 1008 peccatis
613 966 701 1006 quae
728 957 814 992 sunt
837 963 953 1004 opera
981 956 1128 990 mortua
1163 953 1202 990 et
1228 953 1400 988 mortem

68 1021 331 1074 promerentia
352 1036 361 1063 ς

124 1084 270 1137 Fides,
298 1086 369 1141 quii
403 1085 594 1128 acceditur
622 1085 669 1126 ad
698 1082 854 1137 Deum,
880 1098 966 1140 quae
995 1090 1054 1126 est
1084 1085 1219 1125 animae
1247 1085 1328 1123 vita
1354 1088 1399 1123 et

76 1154 170 1194 vitae
187 1152 292 1195 fons.

124 1212 261 1268 Qualia
277 1224 365 1261 sunt
384 1223 423 1258 et
438 1230 484 1258 ea
503 1230 586 1272 quae
601 1221 773 1270 spectant
792 1215 840 1256 ad
857 1214 1069 1255 doctrinam
1088 1211 1391 1262 catechisticam‚

66 1280 120 1323 de
138 1278 340 1334 Baptismo
355 1311 367 1332 ‚
389 1281 438 1323 de
460 1287 698 1322 sacramento
726 1277 1063 1326 Confirmationi33

127 1343 190 1388 De
214 1348 491 1389 resurrectione
517 1350 754 1387 mortuorum
779 1352 818 1387 et
845 1345 895 1386 de
922 1343 1063 1396 judicio
1088 1341 1320 1389 universali,
1352 1343 1395 1382 in

66 1408 255 1463 quo'boni
279 1409 422 1452 aeterna
440 1409 618 1453 felicitate
637 1411 956 1463 praemiabuntur,
979 1408 1066 1449 mali
1085 1411 1178 1449 vero
1194 1407 1403 1460 suppliciis

69 1471 338 1513 cruciabuntur
357 1475 525 1515 aeternis.

124 1533 204 1577 His
220 1567 231 1588 ,
257 1536 410 1590 inquam
424 1568 435 1588 ‚
459 1544 497 1579 et
518 1537 654 1579 talibus
681 1538 882 1580 elementis
901 1539 1051 1579 omissis
1066 1568 1078 1587 ‚
1101 1536 1150 1578 ad
1170 1536 1303 1578 altiora
1322 1535 1400 1579 se·

72 1613 207 1647 remur
221 1629 233 1650 ‚
255 1601 286 1640 si
301 1597 409 1643 Deus
430 1605 673 1643 concesserit.

129 1662 267 1715 (Quid
276 1677 380 1705 enim
397 1679 558 1707 necesse
574 1672 630 1706 est
654 1679 722 1718 per
742 1663 1016 1705 catechismum
1034 1679 1106 1705 vos
1124 1678 1249 1705 rursus
1269 1666 1394 1705 insti-

70 1736 180 1773 tuere
197 1729 248 1773 de
268 1730 329 1772 his
349 1733 552 1775 initialibus
574 1740 611 1775 et
635 1731 683 1773 ad
706 1730 946 1786 Baptismum
965 1731 1256 1785 disponentibus
1270 1731 1311 1781 Ρ)

119 1792 336 1851 Siquidem
355 1799 570 1852 impossibil
574 1813 596 1841 e
613 1806 700 1852 est,
720 1812 771 1839 ex
787 1795 862 1839 Dei
880 1798 1147 1849 ordinatione,
1167 1811 1234 1839 eos
1253 1797 1318 1852 qui
1334 1811 1403 1839 se-

70 1860 148 1903 mel
170 1861 351 1916 baptizati
369 1869 478 1910 sunt,

127 1921 315 1980 Quique,
336 1926 561 1967 condonatis
581 1939 649 1979 per
665 1922 906 1979 Baptismum
926 1927 1120 1980 peccatis,
1137 1926 1287 1978 experti
1306 1931 1401 1966 sunt

71 1988 305 2042 spiritualem
330 1990 430 2031 illam
451 1990 692 2032 dulcedinem
707 2020 718 2040 ‚
744 1989 819 2044 qua
842 1988 949 2032 Deus
973 1989 1070 2030 solet
1089 1991 1229 2030 animae
1248 1995 1400 2030 sanctae.

67 2056 226 2102 gustum
249 2051 428 2099 reficere;

130 2109 183 2153 Et
219 2115 284 2165 qui
320 2128 390 2168 per
421 2130 604 2158 manuum
633 2116 920 2169 impositionem
955 2120 1186 2168 acceperunt
1213 2110 1404 2169 Spiritum

70 2182 250 2218 sanctum
269 2190 280 2222 ς

130 2230 185 2274 Et
204 2246 272 2286 per
289 2230 392 2273 hunc
405 2231 589 2288 Spiritum
604 2240 849 2287 gustaverunt
867 2234 1099 2290 spiritualem
1111 2232 1255 2274 divinae
1270 2236 1404 2286 gratia

66 2295 319 2338 dulcedinem
338 2313 347 2344 ;

126 2357 181 2400 Et
196 2361 237 2400 in
256 2358 331 2399 ulla
350 2358 552 2402 dulcedine
568 2362 675 2415 quasi
697 2358 969 2416 praegustarunt
982 2367 1169 2403 aeternam
1186 2359 1301 2402 futuri
1319 2373 1408 2401 εει·

71 2425 150 2472 mli
175 2424 395 2471 felicitatem
409 2440 421 2475 ;
