1474 2658
81 62 170 108 326
427 75 560 107 mnsx
593 74 758 106 nanum
777 75 832 107 Εἰ·
863 76 1138 110 vanaonnu.

131 135 227 174 certi
244 134 347 183 quod
380 137 420 172 et
443 133 539 172 fides
564 137 692 172 nostra
714 133 826 172 nobis
853 135 1112 185 adjustitiam
1136 123 1390 189 reputatum

130 192 168 229 I.
193 196 278 230 100.

77 255 182 290 Deus
196 252 351 289 Abrahae
368 249 458 288 filiis
471 250 645 300 duplices
657 252 835 300 promisit
844 253 1154 302 henedictiones,
1167 257 1395 306 temporales

131 313 170 345 et
203 307 431 356 spirituales.
461 309 768 357 Temporales‘iu
796 311 1010 348 carnalibus
1026 310 1117 350 filiis
1143 305 1395 364 adimplevit>

132 365 347 414 spirituales
364 365 404 402 in
421 365 695 413 spiritualibus.
718 366 752 404 Ι.
771 370 856 405 230.

76 426 162 460 Non
187 433 318 459 omnes
344 422 411 469 qui
434 433 476 459 ex
505 422 712 467 Abraham,
731 426 958 471 reputantur
986 424 1143 461 Abrahae
1168 423 1259 471 filii,
1286 425 1388 463 Ibid.

129 481 215 529 quis
241 492 351 518 verus
369 481 524 518 Abrabae
537 480 653 526 filius,
673 492 740 518 seu
767 493 879 519 verus
909 483 1109 520 israelita?
1133 483 1168 521 I.
1195 488 1280 522 230.
1299 489 1388 523 238.

82 539 271 577 Abraham
284 537 514 586 justificatus
529 543 585 575 est
601 538 808 586 perfidem.
824 538 858 576 Ι.
876 544 936 577 87.
963 543 1023 577 88.
1054 539 1131 577 111.
1153 545 1238 578 881.
1260 545 1347 579 382.

77 595 233 639 Nullum
248 606 343 642 opus
360 595 517 631 Abrabae
531 594 645 641 justi,
665 594 706 630 in
724 595 828 642 quod
846 594 940 632 fides
952 606 1030 631 non
1049 593 1258 633 influxerit.
1274 596 1310 634 1.
1326 600 1390 634 89.

81 653 179 688 Hinc
208 651 463 688 conciliantur
486 655 530 687 D.
550 652 714 687 Jacobus
732 655 770 688 et
792 655 837 688 D.
868 653 1003 689 Paulus
1031 653 1134 690 idem
1152 653 1323 690 diceutes
1342 654 1392 690 de

131 708 292 745 diversis
309 707 466 743 Abrahae
484 706 712 744 actionibus.
735 707 768 744 I.
803 712 861 744 88.
886 711 948 747 89.

76 764 235 801 Abrahae
259 762 352 799 fides
381 774 458 799 non
482 762 555 799 fuit
581 763 706 812 nuda,
727 763 793 800 sed
819 764 1003 800 virtutum
1037 764 1216 813 operibus
1241 764 1388 802 vestita.

128 821 163 858 I.
182 825 242 859 89.
266 823 351 857 102.

75 878 173 915 Hinc
190 882 230 914 et
245 876 502 913 conciliantur
516 879 559 911 D.
581 877 744 913 Jacobus
759 881 799 913 et
810 879 857 913 D.
878 877 1013 913 Paulus
1025 905 1034 920 ‚
1053 887 1216 924 quorum
1229 876 1291 913 hic
1300 875 1392 914 fidei

127 935 263 972 tribuit
284 933 643 980 AbrahaeJustitiam‚
664 934 759 969 alter
776 933 953 980 operibus
967 931 999 968 Ι.
1024 936 1084 968 88.
1108 936 1168 969 89.

75 992 263 1030 Abraham
283 990 407 1026 adhuc
426 990 672 1038 praeputiatus
685 1016 694 1032 ,
718 989 904 1035 justitiam
917 988 1077 1035 adeptus
1094 993 1150 1025 est
1169 1003 1178 1025 :
1201 998 1291 1036 ergo
1314 999 1394 1026 non

126 1060 196 1098 per
215 1047 559 1091 circumcisionem,
574 1046 640 1082 sed
659 1057 727 1094 per
746 1044 873 1082 fidem.
897 1044 928 1080 I.
958 1048 1019 1082 93.

76 1105 324 1144 circumcisio
341 1104 498 1140 Abrahae
515 1103 588 1140 suit
599 1103 835 1150 signaculum
847 1101 1004 1150 justitiae
1017 1113 1129 1151 quam
1141 1102 1301 1151 adeptus
1311 1106 1395 1140 erat

127 1163 386 1213 praeputiatus.
405 1160 438 1196 I.
455 1165 516 1198 93.
535 1164 596 1197 94.

75 1218 322 1258 circumcisio
343 1218 496 1254 Abrahae
515 1217 588 1254 fuit
607 1217 719 1254 etiam
743 1217 896 1264 signum
919 1215 1033 1264 fidei,
1063 1227 1176 1264 quam
1194 1216 1328 1254 habuit
1345 1217 1396 1256 de

126 1277 256 1316 nessia
274 1277 295 1313 ὲ
314 1288 380 1313 suo
399 1276 542 1312 semine
559 1277 765 1313 nascituro.
786 1276 944 1313 Ibidem.
964 1275 1058 1312 vide
1076 1275 1340 1313 circumcisio.

75 1338 209 1375 Adhuc
225 1335 473 1383 praeputiatus
490 1334 667 1379 credidit,
687 1334 828 1381 suaque
844 1331 1156 1380 fidejustificatus
1165 1335 1235 1370 est.
1253 1332 1286 1370 Ι.
1306 1335 1369 1370 94.

76 1399 163 1432 Post
176 1393 360 1442 justitiam
377 1403 419 1428 ex
438 1390 514 1428 fide
533 1392 709 1440 adeptam
723 1418 733 1437 ,
750 1390 998 1427 circumcisus
1015 1389 1099 1426 suit.
1120 1389 1216 1426 lbid.

74 1460 284 1503 Utrumque
301 1452 444 1501 quare?
459 1452 554 1488 lbid.

73 1517 127 1549 Ex
145 1516 251 1560 parte
264 1509 419 1547 Abrahae
431 1537 440 1553 ‚
461 1507 700 1544 circumcisio
718 1507 791 1544 suit
803 1506 954 1553 signum
968 1503 1059 1541 fidei
1072 1516 1186 1553 quam
1201 1504 1333 1541 habuit
1345 1505 1397 1542 de

126 1567 255 1606 messia
274 1567 294 1604 ὲ
311 1578 378 1602 suo
399 1565 540 1601 semine
559 1565 765 1601 nascituro.
787 1563 888 1600 lbid.

76 1634 128 1667 Ex
147 1634 253 1679 parte
271 1627 359 1674 Dei,
377 1626 624 1663 circumcisio
639 1625 712 1661 fuit
728 1622 932 1662 declaratio
946 1621 1105 1670 justitiae
1123 1622 1330 1659 Abrahamo
1343 1622 1396 1658 ob

132 1687 247 1724 fidem
267 1686 377 1720 dalae.
390 1683 555 1720 Ibidem.

75 1744 261 1783 Abraham
288 1743 379 1778 duas
398 1741 531 1776 habuit
553 1750 705 1784 uxores,
738 1739 914 1776 ancillam
937 1747 1074 1782 unam,
1097 1739 1214 1783 Agar3
1235 1735 1394 1772 liberam

131 1803 303 1841 alteram,
322 1797 427 1834 Sara.
450 1794 523 1832 III.
550 1798 635 1831 ⁴27.
655 1798 730 1831 etc.
753 1797 838 1831 4:32.

74 1861 181 1894 Duos
199 1853 331 1890 habuit
349 1852 447 1888 filios
463 1866 471 1886 :
493 1850 685 1886 ismaelem
699 1860 741 1886 ex
760 1855 871 1897 Agar,
889 1850 988 1884 Isaac
1007 1858 1051 1884 ex
1065 1850 1166 1883 Sara.
1186 1844 1282 1880 lbid.

77 1913 178 1959 Quid
192 1913 270 1948 baec
285 1909 357 1945 sibi
372 1907 515 1946 velint?
532 1907 694 1945 Ibidem.

77 1978 162 2010 Duo
193 1970 348 2007 Abrahae
377 1966 616 2004 matrimonia
646 1964 863 2014 significant
881 1965 955 2002 duo
984 1965 1053 2001 Dei
1075 1975 1159 2000 cum
1178 1962 1395 1999 hominibus

129 2031 268 2067 foedera
286 2044 296 2074 ,ι

79 2094 170 2126 Duae
189 2092 346 2131 matres,
369 2086 462 2122 duas
479 2085 602 2132 leges;

77 2151 162 2183 Duo
183 2144 276 2188 filii,
300 2145 394 2180 duos
417 2144 592 2191 populos.

78 2209 200 2251 Quare
214 2202 412 2250 promissio
425 2201 446 2236 a
457 2203 533 2236 Deo
547 2199 645 2235 facta
656 2197 811 2234 Abrahae
823 2200 977 2235 vocatur
987 2190 1290 2232 Testamentum?
1301 2190 1396 2229 vide

135 2265 441 2302 Testamentum.

79 2327 150 2359 Per
166 2317 471 2358 antonomasiam
487 2316 630 2353 dicitur
649 2314 786 2352 fidelis.
808 2315 885 2352 III.
911 2318 995 2352 380.
1360 2358 1363 2360 v

74 2387 155 2420 cur
169 2382 208 2418 in
237 2379 300 2416 die
318 2379 521 2425 sepulturae
547 2376 717 2413 fidelium
737 2376 961 2425 decantatur
980 2389 989 2411 ι
1011 2376 1055 2410 Et
1072 2372 1111 2409 in
1131 2370 1255 2408 sinum
1273 2368 1395 2406 Abra-

127 2439 210 2485 hae,
237 2439 311 2473 etc.
327 2434 404 2472 III.
427 2437 516 2471 381.
