1430 2658
10 66 91 111 152
366 72 369 75 “
385 78 601 110 EvrsrocAE
633 79 692 110 Au
718 78 932 110 nanninus

64 138 124 184 Ita
143 137 314 182 Christus
330 142 371 182 in
384 139 514 182 ultima
533 139 641 183 coenss
655 156 793 197 panem
811 149 850 184 et:
869 144 1002 183 vinum
1017 152 1318 197 sumens-‘mon-

9 220 161 248 sectans
174 235 184 254 ‚
211 213 249 247 et
263 207 302 246 in
322 220 432 247 suum
454 203 602 261 Corpus
621 215 658 248 et
681 205 914 261 Sanguinem
930 207 1288 249 transsubstanttans
1303 235 1317 257 ,

9 273 51 313 in
64 271 285 313 sacrificium
304 271 592 314 eucharisticum
603 272 754 323 obtulit,
770 286 890 327 eaque
905 271 1046 314 deinde
1059 267 1318 326 mbustApo·

10 336 115 378 stolis
136 335 306 386 libanda,
333 343 372 378 et
395 336 783 379 similitenofserenda
806 343 843 378 et
865 335 1013 378 libanda
1033 337 1231 391 praecepi‘t.

70 398 183 442 Ritus
205 403 331 455 itaque
349 416 499 456 prorsus
520 401 646 451 idem;
670 409 827 457 uterque
847 404 949 443 enim
969 415 1108 457 panem
1128 407 1168 443 et
1185 403 1322 443 vinum

11 463 174 513 obtulit3
198 471 234 506 at
254 464 366 518 longe
383 466 473 506 alius
492 465 650 508 effectus
674 482 684 507 τ
703 481 841 520 panem
860 468 962 508 enirn
981 465 1126 507 nudum
1146 464 1323 506 etsotum

12 530 148 572 vinum
166 529 301 571 obtulit
319 528 604 572 Melchisedech
621 547 631 579 3
657 528 830 572 Christus
849 539 1000 583 autem,
1021 531 1086 586 qui
1106 530 1245 570 veritas
1265 534 1326 570 est

15 603 56 638 et
79 596 294 651 plenitudo,
321 601 487 640 veritatis
510 599 758 653 praefiguratae
782 601 985 653 imaginem
1007 596 1258 652 adimplevit,
1285 602 1325 638 et

15 662 87 702 sub
112 662 293 719 symbolo
316 665 420 716 panis
452 669 489 704 et
515 665 594 704 vini
619 677 726 705 suum
753 678 822 717 pro
846 665 959 706 nobis
984 660 1134 719 Corpus
1155 667 1194 704 et
1214 659 1326 704 San-

17 731 172 782 guinem
194 732 231 770 in
251 731 473 772 sacrificium
497 731 647 773 obtulit.

76 791 338 836 Sacerdotium
351 798 476 850 itaque
485 794 625 838 Christi
638 797 850 839 sacerdotio
867 792 1155 838 Melchisedech
1170 798 1217 837 εὸ
1233 793 1326 835 sub·

16 859 143 901 limius
164 867 202 901 et
227 861 473 903 excellentius
501 869 585 912 est,
608 867 684 917 quo
708 859 882 904 Christus
899 864 979 916 ipse
995 893 1006 913 ‚
1031 857 1329 921 Ηοῐῐιρ-ὓευε,
1382 916 1386 918 ἡ

18 927 253 977 praestantior
274 933 329 967 est
350 924 635 968 Melchisedech
653 927 814 969 homine
829 958 840 977 ‚
866 934 903 969 et
923 931 998 983 quo
1020 924 1162 968 Christi
1181 922 1331 979 Corpus

18 994 60 1029 et
77 985 236 1041 Sanguis
258 996 344 1030 sunt
367 989 473 1030 nudo
494 1005 591 1045 pane
614 998 651 1031 et
671 991 752 1032 solo
774 993 865 1031 vino
888 991 1156 1044 praestantiora.

79 1051 186 1095 Hinc
202 1054 348 1109 colligat
366 1056 489 1097 fidelis
512 1065 691 1112 quantam
713 1057 850 1098 debeat
880 1055 1092 1098 christianis
1115 1053 1334 1097 sacerdoti-

19 1116 93 1158 bus
117 1121 368 1161 reverentiam
388 1137 398 1162 ε
417 1125 494 1175 quo
513 1122 710 1164 sublimius
732 1121 985 1164 sacerdotium
1001 1152 1013 1175 ,
1039 1124 1088 1163 eb
1114 1123 1233 1175 maior
1258 1119 1335 1162 de-

20 1183 132 1224 betur
151 1182 275 1224 honor
294 1186 482 1228 sacerdoti
504 1203 512 1228 :
535 1189 684 1243 itaque,

78 1245 119 1290 Si
154 1245 489 1304 melchisedecho,
530 1250 622 1296 Chri
613 1255 672 1296 sti
703 1253 804 1308 figur
788 1268 862 1306 ae,
904 1260 1048 1298 tantam
1081 1253 1338 1296 reverentiam

22 1313 201 1361 exhibuit
214 1312 436 1369 Abraham,
455 1319 625 1362 fidelium
643 1320 848 1374 patriarcha
860 1351 872 1372 ‚
888 1322 1028 1376 quanto
1045 1320 1228 1371 majorem
1242 1319 1341 1372 quis-
1392 1337 1402 1342 -

23 1395 98 1436 que
119 1374 242 1434 fidelis
262 1381 448 1425 exhibere
468 1384 586 1426 debet
607 1381 747 1426 Christi
765 1386 941 1436 vicariis,
963 1383 1069 1426 idem
1090 1396 1177 1424 cum
1193 1381 1254 1424 illo
1273 1395 1343 1423 sa·-

25 1447 237 1490 cerdotium
258 1451 501 1503 gerentibus!

86 1508 142 1554 At
162 1511 254 1553 hinc
276 1513 424 1568 colligat
449 1517 573 1557 omnis
596 1515 772 1559 sacerdos
794 1515 1018 1558 christianus
1038 1519 1188 1570 quantae
1203 1512 1345 1556 debeat

28 1590 114 1618 esse
131 1579 337 1619 sanctitatis
356 1585 394 1619 et
414 1582 598 1633 puritatis.

89 1639 229 1683 Christi
248 1643 501 1687 sacerdotium
517 1645 656 1696 habet,
679 1658 778 1687 unus
795 1651 834 1687 et
856 1644 960 1686 idem
979 1657 1066 1684 cum
1083 1641 1148 1684 illo
1164 1647 1205 1683 et
1222 1642 1261 1682 in
1284 1637 1348 1683 illo

29 1704 108 1747 Dei
128 1711 265 1749 summi
285 1709 459 1751 sacerdos
477 1718 535 1752 est
557 1729 566 1752 ε
588 1714 635 1752 sit
656 1713 782 1765 itaque
796 1741 806 1761 ‚
829 1712 924 1751 sicut
942 1717 980 1751 et
998 1706 1181 1750 Pontifex
1199 1712 1350 1756 noster,

35 1777 218 1819 sanctus,
242 1773 426 1812 innocens
449 1781 485 1813 et
507 1774 754 1827 impollutus,
778 1780 851 1813 etc.
871 1788 884 1812 .·
904 1775 942 1813 in
963 1773 1047 1825 ipso
1067 1768 1221 1812 Christo
1236 1798 1248 1820 ‚
1271 1781 1351 1809 non

37 1837 79 1876 in
98 1831 240 1877 Christi
263 1840 406 1878 tantum
429 1838 570 1892 figura,
595 1845 738 1892 quaerat
760 1839 968 1879 sanctitatis
981 1848 1062 1878 suae
1083 1834 1264 1890 regulam.

615 1943 781 1983 TER'nb.

82 2033 274 2092 ⁰Concipe
295 2035 488 2081 Christum
509 2054 702 2082 summum
721 2037 797 2081 Dei
818 2037 1039 2093 pontificem
1052 2063 1066 2086 ,
1085 2034 1240 2074 unicum
1255 2061 1268 2082 ‚
1290 2031 1356 2086 qui

45 2103 370 2158 praedecessorem
400 2121 480 2148 non
515 2106 667 2156 habuit,
704 2107 767 2161 qui
799 2116 1059 2147 successorem
1090 2113 1170 2142 non
1199 2098 1318 2140 habet
1343 2110 1359 2136 τ

47 2171 195 2224 praeivit
219 2168 506 2214 Melchisedech
525 2205 535 2223 ,
559 2180 597 2214 ut
621 2174 764 2227 figura,
790 2186 869 2213 non
894 2177 929 2212 ut
955 2172 993 2211 in
1023 2167 1161 2211 eodem
1189 2162 1358 2219 pontifi-

47 2242 135 2278 catu
156 2238 436 2291 praedecessor3
460 2241 649 2281 subsecuti
669 2247 755 2281 sunt
774 2235 914 2280 Petrus
929 2267 941 2288 ‚
963 2234 1104 2284 Linus,
1123 2238 1218 2281 etc„
1235 2232 1276 2271 ut
1294 2228 1362 2268 vi-

50 2302 166 2354 carii,
187 2316 266 2344 non
291 2311 330 2345 ut
349 2319 618 2347 successores·
639 2302 831 2345 Sacerdos
852 2310 909 2344 est
934 2305 975 2343 in
995 2308 1208 2344 aternum:
1225 2307 1368 2336 sacer-

52 2367 203 2408 dotium
247 2369 364 2409 habet
402 2373 701 2423 sempiternum,
744 2367 1002 2418 intransibile,
1040 2362 1364 2415 insuecessivum,

53 2434 388 2488 incommutabile,
408 2427 456 2478 55,
479 2436 549 2487 24.
