1474 2658
123 92 153 123 ,,
177 63 213 109 ’ζ’
242 45 294 76 ’ἶ
327 78 776 127 mml'sso·
798 55 898 126 Cap.
903 69 1046 115 3111.
1263 68 1351 117 ³05

0 122 21 170 ἰ
0 133 322 211 Μ
341 143 440 199 v&
448 156 594 197 {cavete
613 154 637 192 a
652 149 827 192 doctrina
846 151 1118 205 judaizantium
1131 183 1144 205 ‚
1173 153 1242 208 qui
1256 154 1354 209 pie·-

0 213 155 265 mn
174 220 410 262 constituunt
425 231 478 261 m
496 218 593 261 cibis
612 215 901 272 corporalibus.
936 219 1126 271 optimum
1158 219 1265 261 enim
1293 223 1354 261 ast

0 338 2 341 .
36 284 157 343 gratia
172 283 250 328 Dei
265 285 432 328 stabilire
448 298 518 331 cor
534 297 674 332 suum3
699 296 781 324 non
797 284 896 324 escis
913 314 926 335 ,
949 297 1036 337 quae
1057 285 1136 325 suis
1154 278 1351 327 observa-

0 344 6 371 ἰ
38 351 186 395 toribus
204 364 286 393 non
302 347 523 405 profilerunt
535 362 666 391 coram
682 343 783 390 Deo.

97 413 198 459 Nec„
215 419 346 458 tamen
362 422 435 459 rios
449 410 657 461 Christiani
679 413 764 454 sine
786 412 886 453 escis
907 416 945 452 et
972 411 1166 453 sacrificiis
1193 426 1353 455 sumus:

11 469 229 524 ‘habemus
248 480 384 531 altare,
395 476 592 522 habemus
614 485 653 521 et
684 478 909 528 victimam,
933 476 1040 528 cujus
1071 491 1135 518 esu
1167 492 1232 518 cor
1253 491 1355 519 nos·
1412 493 1417 499 ·

40 542 142 589 {mm
158 546 275 602 gratia
299 511 384 587 Dei
403 543 578 591 fulcitur-3
609 550 646 585 at
676 557 791 598 quam
808 507 1088 614 judaizantibus
1117 547 1155 583 et
1171 540 1355 597 legalibus

41 613 272 656 tabernaculi
295 613 476 655 ministris
498 626 576 652 non
593 611 681 652 licet
699 607 919 651 comedere.

99 676 196 721 Hoc
225 681 322 721 mire
339 678 538 732 figuratum
558 675 629 718 fuit
662 675 722 716 illa
742 671 973 716 caeremonia
998 671 1100 729 qna,
1131 677 1238 728 juxta
1261 675 1357 730 legis

43 747 318 800 praescriptum,
337 759 413 787 nec
429 743 608 786 sacerdos
629 741 759 796 legalis
773 771 785 793 ‚
808 755 882 782 nec
906 741 1072 796 populus
1100 733 1359 783 comedebant

45 808 460 866 de'hostissexpiatoria
477 814 750 862 peccatorum:
778 805 883 847 vituli
900 807 1044 847 etenim
1077 812 1116 847 et
1135 805 1232 847 hirci
1250 820 1359 860 quo-

13 918 18 923 ,
44 888 132 917 rum
150 875 375 934 sanguinem
398 885 570 916 summus
592 868 770 912 sacerdos
788 871 828 911 in
852 867 992 910 Sancta
1012 875 1232 911 sanctorum
1253 869 1361 911 inse-

42 936 170 990 rebat,
189 951 260 994 pro
277 950 433 978 suorum
452 942 491 976 et
512 934 640 990 populi
660 940 903 988 peccatorum
926 934 1145 987 expiatione
1163 950 1172 981 ;
1201 932 1362 986 horum‚·

44 1006 201 1059 inquam
216 1034 231 1056 ,
255 1002 475 1044 animalium
490 1016 625 1052 carnes
647 1007 755 1042 extra
776 1007 894 1041 castra
916 1001 1203 1051 cremabantur,
1242 1007 1281 1043 et
1310 1000 1360 1042 de

47 1070 103 1112 eis
118 1082 207 1110 nec·
219 1067 400 1110 sacerdos
411 1097 422 1117 .
443 1082 518 1109 nec
535 1067 693 1120 populus
713 1066 868 1109 edebat.

104 1131 207 1189 Haec
222 1131 348 1174 hoslia
366 1140 606 1187 peccatorum
625 1133 834 1186 expiatoria
851 1161 864 1182 ‚
889 1127 1032 1172 Christi
1052 1161 1063 1180 ‚
1096 1145 1165 1185 pro
1184 1137 1362 1185 peccato-

45 1212 131 1240 rum
149 1205 367 1240 nostrorum
397 1199 615 1253 expiatione
642 1199 838 1239 morientis
852 1229 865 1249 ,
880 1197 998 1250 figura
1022 1196 1092 1238 suit
1109 1215 1118 1239 ς
1137 1195 1228 1239 hinc
1244 1195 1362 1239 Jesus

48 1259 225 1318 Christus
238 1294 250 1314 ‚
280 1270 322 1304 ut
339 1263 440 1304 hanc
460 1263 618 1317 figuram
638 1263 842 1318 impleret,
867 1269 973 1304 extra
993 1269 1140 1318 portam
1159 1264 1264 1304 urbis
1281 1260 1363 1304 Je-

46 1329 333 1386 rosolymitanae
361 1345 489 1384 passus
521 1338 578 1372 est
595 1362 605 1380 ‚
637 1332 790 1384 proprio
817 1332 999 1384 sanguine
1031 1330 1216 1385 populum
1251 1343 1364 1372 suum

48 1395 317 1438 sanctificans:
346 1397 442 1437 sicut
461 1409 552 1447 ergo
573 1394 621 1435 de
652 1394 770 1448 figura
793 1409 872 1435 non
901 1394 999 1435 licuit
1023 1394 1202 1449 legalibus
1221 1409 1364 1436 come-

49 1461 143 1505 dere
156 1492 171 1514 ,
194 1462 250 1503 sic
265 1474 338 1501 nec
356 1462 412 1500 eis
428 1459 512 1501 licet
530 1459 735 1500 comedere
760 1459 808 1500 de
833 1459 1007 1513 figurato.

105 1521 235 1567 Nobis
252 1525 364 1576 igitur
385 1529 423 1564 et
437 1523 618 1564 omnibus
637 1525 702 1577 qui
723 1522 855 1562 volunt
875 1519 1079 1562 Christiani
1096 1521 1267 1574 sacrificii
1284 1535 1366 1576 par·

49 1588 184 1646 ficipes
198 1589 296 1640 fieri,
309 1590 438 1640 nobis,
455 1591 625 1643 inquam,
637 1594 743 1628 extra
760 1589 900 1628 veteris
913 1589 1281 1639 testamenticastra‚
1295 1601 1366 1629 seu

50 1663 158 1698 extra
175 1648 411 1711 synagogam
434 1654 652 1695 exeundum
670 1669 679 1701 3
703 1654 817 1695 nobis
836 1653 883 1693 ad
905 1651 1094 1694 Ecclesiae
1113 1667 1227 1695 novae
1247 1655 1366 1695 castra

55 1720 318 1764 accedendum
339 1735 351 1768 ς
373 1721 486 1761 nol-is
516 1721 788 1772 improperium
817 1715 956 1759 Christi
981 1732 1067 1758 cum
1093 1719 1176 1772 ipso
1203 1724 1366 1773 portan-

61 1781 169 1828 durh.

110 1845 199 1892 Nec
215 1862 286 1889 nos
313 1853 449 1888 terreat
475 1845 538 1886 bic
570 1849 592 1887 ὲ
624 1839 841 1886 Jerusalem
868 1852 905 1886 et
935 1849 958 1887 ὲ
987 1859 1180 1899 synagoga
1201 1848 1326 1889 exitus
1350 1864 1362 1896 ;

51 1931 124 1958 nos
136 1948 154 1968 ‚v
181 1917 364 1969 inquam,
388 1915 452 1967 qui
482 1913 599 1953 fixam
621 1914 813 1953 civitatem
840 1914 879 1952 in
910 1911 984 1952 hoc
1010 1913 1147 1953 saeculo
1176 1927 1256 1954 non
1286 1913 1368 1955 ha-

52 1981 217 2029 bemus,
238 1979 309 2020 sed
328 1980 393 2032 qui
410 1985 584 2030 tanquam
604 1978 792 2030 peregrini
811 1974 878 2016 hic
895 1977 1072 2017 viventes
1086 2007 1096 2027 ,
1116 1975 1276 2019 suturam
1291 1977 1369 2020 Je-

53 2043 216 2085 rusalem
236 2041 430 2083 coelestem
449 2042 688 2093 in‘quirimus.

112 2106 266 2151 Christo
284 2110 413 2162 itaque
435 2109 529 2148 uniti
544 2114 582 2148 et
601 2107 844 2160 incorporati,
868 2108 1093 2161 peripsum,
1115 2115 1367 2153 utsummum

51 2174 272 2232 'pontificem
297 2178 494 2221 nostrum,
528 2170 684 2223 dignam
703 2169 822 2211 laudis
842 2168 1007 2211 hostiam
1025 2175 1062 2211 et
1080 2174 1281 2224 gratiarum
1297 2188 1370 2215 ac·-

53 2240 202 2282 tionem
226 2234 314 2277 Deo
335 2247 493 2289 semper
514 2233 741 2285 offeramus,
764 2234 1042 2274 sanctissimam
1058 2231 1339 2278 Eucharistiam
1354 2269 1366 2289 ,

55 2316 152 2358 opus
182 2301 368 2344 labiorum
398 2296 711 2347 sacerdotalium,
743 2310 889 2338 nomen
920 2294 995 2338 Dei
1024 2298 1366 2350 benedicentium;

54 2365 223 2434 hymnos
244 2366 359 2405 etiam
392 2369 431 2404 et
448 2361 639 2416 psalmos,
667 2359 1010 2404 sructuslabiorum
1028 2358 1201 2405 fidelium
1222 2379 1369 2408 nomen

19 2450 26 2453 -
55 2419 146 2466 Der
153 2421 402 2464 laudantium.

203 2486 259 2514 Vl.
1175 2479 1218 2513 13
