1474 2658
0 0 220 67 [Π-Ῡπνζξνςῑη·
236 0 250 6 ⁸<
274 3 276 6 ν
291 0 294 3 ·
347 0 350 4 ’

0 67 19 97 ἱ
157 73 163 82 ι

337 58 808 96 Tnmmosl'rlo.
838 46 1095 104 Cop.X111.
1284 15 1379 111 399‘

71 103 472 181 warna,
482 128 676 177 tanquam
687 129 752 164 et..
756 120 855 166 ..Gr
874 132 911 166 et
930 126 1039 168 malis
1055 141 1290 182 pressorum.

108 174 162 231 Ϊᾶ
176 194 262 240 est,
283 194 323 230 et
341 188 603 244 compatimini
625 189 676 229 iis
693 189 758 243 qui
777 188 874 230 male
894 188 1067 244 habent,
1086 206 1154 235 seu
1170 207 1369 270 quocum-

55 265 151 310 φρ
156 252 343 308 corporali
362 252 464 299 malo
484 259 574 294 sunt
594 251 748 304 afflicti,
774 259 954 308 tanquam
983 258 1047 311 qui
1067 265 1107 299 et
1123 259 1196 313 ipsi
1214 261 1298 301 sitis
1325 261 1368 301 in

58 331 221 374 corpore
236 317 376 360 iisdem
389 316 502 366 malis
513 318 706 360 obnoxio.
1407 372 1410 375 Δ

114 381 211 436 δεῇ,
229 386 439 439 cogitantes
452 397 526 426 vos
541 385 581 426 in
594 398 708 425 carne
726 382 876 426 infirma
893 383 1065 428 habitare
1086 394 1126 429 et
1148 386 1286 430 iisdem
1303 389 1367 430 in-

57 449 274 493 commodis
300 447 493 502 obnoxia,
520 456 558 492 et
582 455 863 504 consequenter
885 451 999 493 simili
1023 452 1124 495 malo
1151 467 1223 495 vos
1250 453 1367 508 affligi

56 529 188 571 9⁰80·

115 573 166 625 5.
187 581 232 633 4.
255 581 498 622 Honor-abile
517 582 752 622 connubium
771 582 812 622 ίη
835 581 1034 632 omnibus,
1054 581 1095 623 id
1114 589 1195 633 est,
1213 598 1369 625 connu-

59 647 167 690 bium
185 654 358 690 vestrum
370 650 421 691 sit
439 649 481 690 in
497 649 677 690 omnibus
693 648 809 690 rebus
827 648 875 689 ad
898 647 937 689 id
955 651 1215 702 spectantibus
1236 651 1370 691 Ιιοηο-

57 715 183 756 mbile
197 729 215 755 .-
237 728 328 766 seu,
347 713 589 757 honestatem
609 721 763 756 servate
782 717 822 756 in
844 716 950 756 omni
964 729 1007 756 re
1022 715 1223 770 conjugali.

93 779 171 822 ‚Ee
185 779 319 820 thorus
342 780 639 828 immaculatus,
669 779 708 821 id
735 787 821 832 est,
846 787 884 821 et
906 779 1037 821 thorus
1058 780 1235 822 maritalis
1270 780 1368 823 nulla

55 843 227 898 macula,
244 853 307 887 aut
325 846 505 899 spurcitie
529 848 820 888 contaminetur.

88 910 387 952 ,fornicatores
403 911 508 950 enim
525 917 563 950 et
575 910 812 952 adulteros...
825 912 911 965 quia
926 909 1175 954 fornicatores
1195 919 1233 954 et
1249 912 1366 955 adul-

55 977 160 1015 ieros
180 972 386 1026 judicabit,
413 972 608 1014 damnabit
633 974 841 1028 punietque
861 971 983 1014 Deus.

114 1037 237 1082 Hunc
251 1053 407 1081 sensum
425 1044 465 1079 et
485 1038 745 1092 praecedentia
759 1045 799 1079 et
815 1040 1012 1093 sequentia
1038 1038 1222 1080 indicant.

113 1101 315 1158 Nugantur
337 1117 429 1156 ergo
453 1105 624 1154 sectarii,
652 1106 737 1144 cum
757 1101 822 1143 hic
845 1101 978 1143 volunt
995 1104 1212 1157 conjugium
1229 1107 1364 1146 omni-

54 1168 128 1210 bus
157 1170 334 1223 praecipi,
375 1170 480 1222 quasi
505 1168 602 1209 dicat
636 1164 847 1222 Apostolus
878 1169 1097 1220 conjugium
1122 1170 1162 1208 in
1184 1169 1365 1209 omnibus

26 1275 39 1292 ἱ
53 1235 250 1288 personis,
269 1239 309 1275 et
327 1239 609 1287 consequenter
624 1233 887 1274 sacerdotibus
904 1239 943 1273 et
961 1231 1145 1285 religiosis
1173 1245 1258 1273 esse
1281 1231 1363 1274 ho-

51 1297 250 1350 norabile,
275 1298 381 1352 quod
399 1297 624 1340 haereticum
641 1304 679 1338 et
705 1298 752 1338 ab
778 1294 951 1338 Ecclesia}
973 1297 1208 1338 damnatum.

108 1362 243 1410 Debet
259 1378 350 1418 ergo
369 1365 537 1420 intelligi,
561 1371 600 1405 ut
621 1364 764 1405 dictum
782 1370 840 1404 est
861 1379 870 1403 τ
893 1363 1125 1404 connubium
1144 1364 1247 1404 sitin
1267 1377 1362 1405 om-

51 1431 167 1473 nibus
196 1433 275 1476 suis
315 1432 451 1482 rebus,
483 1444 551 1471 seu
586 1432 772 1483 omnino,
802 1431 980 1471 omnibus
1008 1429 1136 1471 modis
1179 1428 1361 1471 honora-

49 1494 142 1538 bite.

103 1561 205 1615 Vel,
222 1564 327 1606 sitin
347 1564 528 1604 omnibus
553 1563 763 1614 conjugatis
783 1560 1030 1609 honorabile,
1059 1560 1099 1601 id
1115 1567 1199 1613 est
1220 1577 1359 1606 omnes

45 1631 236 1684 coniugati
254 1635 412 1671 servent
435 1642 594 1676 omnem
611 1630 650 1668 in
672 1629 850 1680 conjugio
871 1626 1131 1669 honestatem.

99 1694 294 1751 Equidem
305 1696 418 1751 aliqui
435 1695 624 1746 catholici,
645 1696 781 1751 quibus
793 1694 857 1734 sax
860 1701 897 1736 et
913 1695 1057 1749 syriaca
1068 1709 1092 1734 v
1096 1696 1211 1749 ersio,
1224 1678 1355 1740 aiunt:

41 1758 283 1804 Honorabite
306 1769 365 1802 est
383 1762 603 1814 conjugium
623 1762 663 1801 in
687 1761 883 1801 omnibus.

99 1825 180 1870 Sed
213 1826 348 1869 melius
374 1826 568 1881 suppletur
587 1828 655 1875 sit,
686 1827 772 1879 quia
800 1838 928 1866 sermo
959 1822 1242 1866 exhortatorius
1268 1832 1350 1879 est,

39 1907 121 1937 non
138 1892 400 1948 dogmaticus,
422 1898 463 1934 ut
484 1890 624 1945 legenti
648 1897 750 1946 patet
771 1905 821 1932 ex
842 1886 1147 1946 praecedentibus
1169 1895 1211 1933 et
1226 1905 1279 1934 ex
1296 1906 1354 1934 se·

92 1960 260 2001 entibus.

39 1974 152 2066 quEt
171 2024 308 2066 merito
329 2025 423 2064 sane
451 2024 677 2076 conjugatos
701 2021 749 2062 ad
773 2035 931 2063 omnem
950 2019 1194 2063 honestatem
1212 2020 1352 2064 horta-

19 2094 99 2141 xtur
125 2085 366 2143 Apostolus;
387 2093 430 2129 ut
449 2089 555 2128 enim
596 2088 679 2141 ipse
700 2085 814 2126 docet
831 2085 946 2136 alibi,
971 2085 1115 2128 scilicet
1136 2083 1287 2139 Ephes.
1302 2086 1350 2131 5.

34 2149 85 2200 ‘fi-
104 2155 175 2199 32.
190 2150 495 2197 Sacra'mentum
514 2156 588 2194 hor:
609 2170 796 2207 magnum
817 2162 892 2203 est,
916 2161 954 2196 et
977 2153 1065 2196 ideo
1088 2158 1219 2197 omnia
1235 2157 1276 2198 in
1298 2170 1348 2199 eo

35 2221 183 2263 debent
197 2234 282 2263 esse
294 2219 455 2262 honesta
469 2251 480 2270 ‚
502 2226 630 2261 sancta
644 2249 655 2269 ‚
676 2233 818 2274 magno
833 2218 948 2273 digna
967 2227 1222 2262 sacramento.

75 2281 312 2340 Requiritur
327 2284 492 2325 intentio
512 2296 609 2337 pura
621 2313 632 2332 ,
651 2281 833 2324 honestas
851 2285 892 2324 in
911 2282 1030 2324 modo
1043 2313 1056 2336 ,
1073 2283 1286 2327 moderatio
1304 2286 1345 2327 in

31 2362 115 2391 1181]-

86 2409 327 2456 Timendum
343 2420 471 2456 autem
488 2426 540 2455 ne
554 2419 818 2468 pervertantur
834 2411 919 2458 haec
939 2414 1067 2457 omnia
1078 2444 1090 2468 ,
1109 2420 1147 2457 et
1165 2428 1213 2457 ex
1232 2429 1341 2470 mag-
