1430 2658
298 93 307 98 α
383 44 1377 131 rumnuumsmo.00p.1X.18r

68 133 186 214 stt
193 150 288 194 sane
299 148 532 204 congruebat
542 154 583 190 ut
599 147 684 191 haec
700 163 787 204 quae
800 150 902 200 dixi,
917 148 1251 206 Tabernaculum‚
1269 167 1382 207 vasa,

10 223 14 227 ’
68 202 312 263 fimeta,
330 212 490 268 populus
500 207 695 266 judaicus,
715 220 788 255 etc.
808 226 893 268 quae
911 211 1094 257 Ecclesiae
1105 222 1143 257 et
1156 230 1281 260 rerum
1293 231 1384 273 quae

70 281 196 325 fiunt·
185 295 225 323 m
245 276 378 321 Ecctes
381 279 440 331 ia,
458 279 542 334 typi
559 285 664 320 erant
687 284 724 319 et
753 279 909 334 figurae,
930 282 1059 336 typico
1078 296 1260 337 pecorum
1287 298 1384 325 san-

69 348 187 403 guine
201 344 476 388 mundarentur
493 357 504 383 :
522 347 560 385 at
578 345 672 384 verb
690 356 751 384 res
769 342 946 397 figurata,
966 339 1143 386 Ecclesia
1161 346 1384 401 spiritualis²

41 414 46 419 ’
73 413 237 456 coeiettis
253 418 292 453 et
310 410 462 463 divina,
480 408 659 464 spirituali
677 416 717 451 et
731 409 866 452 divino
881 408 1072 465 Sanguine
1087 408 1228 454 Christi
1248 413 1381 456 debuit

70 477 312 522 sanctificari.

49 538 56 546 ’
110 541 274 599 Neque
296 543 400 584 enim
418 537 625 583 Christus
613 555 805 595 ingressus
823 547 880 583 est
902 543 942 583 in
967 539 1106 583 Sancta
1133 549 1350 586 sanctorum
1365 575 1379 594 ,

8 609 14 613 ⁴
67 609 249 652 manibus
264 607 466 648 hominum
486 604 688 658 fabricata,
711 605 750 648 et
769 621 852 661 quae
869 613 908 662 t)
912 621 979 661 pus
997 614 1102 649 erant
1118 613 1156 650 et
1173 608 1290 662 figura
1312 623 1382 650 ve·

70 689 202 717 rorum
217 672 469 721 Sanctorum
487 670 582 713 sed
572 686 750 727 impsum
765 672 904 714 coelum
916 703 928 724 ‚
948 672 1051 727 quod
1067 680 1125 716 est
1139 675 1381 717 verissimum

70 740 344 787 sanctuarium,
357 743 397 778 ut
410 736 484 777 illic
515 735 690 777 habitans
717 745 894 792 appareat
914 752 1043 779 coram
1063 735 1151 780 Deo
1166 770 1178 790 ‚
1194 753 1256 782 res
1277 754 1378 782 nos-—

69 813 146 848 tas
166 799 217 845 ilii
240 801 530 845 commendans.

126 865 223 912 Non
252 868 502 921 semetipsum
539 870 740 921 quotannis
773 866 1008 909 immolando
1020 899 1034 921 ‚
1070 871 1166 911 sicut
1204 870 1378 924 pontifex

67 931 199 988 legalis
221 946 290 986 per
304 930 472 985 singulos
490 945 612 972 annos
632 931 780 972 hircum
799 938 836 974 et
865 931 1023 973 vitulum
1042 933 1280 984 immolabat;
1309 936 1389 979 sed

69 999 251 1047 continua
274 997 413 1040 hostiae
446 997 566 1040 semel
592 998 730 1040 oblatae
758 1001 1117 1052 repraesentatione,
1141 1015 1229 1055 quae
1255 1000 1379 1044 hostia

68 1061 191 1105 semel
201 1060 324 1102 oblata
337 1093 351 1113 ‚
373 1060 530 1102 infinitis
549 1062 665 1102 etiarn
679 1061 831 1102 mundis
849 1061 1085 1105 redimendis
1098 1071 1156 1105 est
1170 1063 1383 1117 sufficiens>

126 1122 312 1178 Alioquin
327 1125 399 1165 nisi
414 1123 574 1165 infinitae
589 1125 738 1165 virtutis
751 1130 851 1166 esset
867 1126 976 1167 unica
992 1127 1072 1179 ejus
1085 1125 1225 1169 oblatio
1237 1158 1250 1179 ‚
1263 1142 1381 1182 opor·

70 1191 205 1232 ruisset
221 1190 347 1243 ipsum
367 1192 443 1243 pati
459 1191 507 1231 ab
525 1191 633 1232 initio
652 1190 786 1232 mundi
804 1206 872 1246 per
891 1192 1057 1246 singulos
1070 1207 1218 1243 annos;
1237 1200 1275 1236 at
1286 1197 1383 1237 verb

69 1273 153 1300 non
172 1261 222 1305 ita
237 1259 379 1300 factum
395 1266 453 1300 est
468 1289 481 1309 ,
501 1273 581 1299 non
600 1262 704 1313 saepe
723 1274 853 1313 passus
871 1267 928 1302 est
941 1291 953 1312 ,
977 1261 1048 1302 sed
1066 1261 1185 1303 seme}
1204 1265 1377 1316 tantum,

68 1322 186 1378 idque
197 1325 238 1365 in
251 1323 331 1366 fine
342 1323 563 1366 saecutorum
577 1355 587 1374 ,
601 1323 648 1364 ad
661 1322 908 1366 abolitionem
921 1327 1092 1366 omnium
1109 1333 1378 1380 peccatorum,-

65 1387 217 1444 ¹patiens
230 1393 401 1445 apparuit
414 1388 502 1431 Deo
519 1404 588 1443 per
603 1387 764 1431 hostiam
779 1403 886 1430 suam
904 1403 1017 1444 quam
1034 1389 1168 1432 obtulit
1184 1393 1223 1432 in
1239 1406 1377 1442 cruce;

64 1452 200 1510 'passus
223 1463 261 1498 et
281 1458 322 1497 in
339 1458 592 1498 sanctuarium
613 1456 804 1510 ingressus
817 1487 829 1508 ,
848 1462 1002 1511 apparet
1023 1454 1112 1498 Deo
1136 1458 1380 1511 stigmatiza-

67 1526 153 1571 tus,
177 1535 265 1563 sese
283 1519 447 1562 hostiam
466 1526 769 1575 repraesentans,
786 1533 944 1574 suaeque
966 1522 1153 1575 passionis
1170 1536 1218 1564 ac
1244 1525 1380 1566 mortis

63 1580 229 1625 fructum
244 1597 463 1638 reposcens,

121 1645 228 1689 Sicut
246 1650 356 1702 igitur
367 1647 485 1690 semei
504 1661 554 1688 ew<
571 1644 645 1688 Dei
663 1646 818 1688 decreto
832 1649 1047 1690 moriuntur
1062 1647 1269 1704 homines,
1289 1658 1378 1709 post

67 1708 146 1752 hoc
162 1717 288 1752 autem
307 1710 611 1764 exspectandum
628 1718 684 1752 est
698 1709 904 1764 judicium3

100 1790 184 1836 ’Ita
202 1794 321 1837 semel
348 1792 519 1836 Christus
542 1809 611 1850 pro
636 1795 772 1836 nostris
798 1792 996 1836 abolendis
1019 1796 1181 1849 peccatis
1205 1803 1377 1845 mortuus

66 1863 126 1902 est
143 1865 251 1913 :post
267 1858 372 1915 quod
389 1858 691 1913 exspectandam
712 1857 817 1913 quod
835 1861 958 1901 rursus
976 1865 1175 1914 appareat,
1199 1874 1279 1903 non
1307 1862 1374 1915 ju⁶

66 1922 272 1976 dicandus,
295 1923 364 1966 sed
386 1931 426 1966 ut
444 1924 560 1978 judex
576 1955 589 1977 ,
610 1930 729 1978 utque
752 1925 1067 1979 exspe;tar.tikus
1092 1937 1182 1968 eum
1206 1927 1255 1969 eit
1273 1926 1372 1970 salus

65 1992 220 2029 aeterna.
