1430 2658
117 90 194 119 120
464 77 695 119 *Ems'rOLAE
713 53 780 125 ‘AD
809 78 1016 111 REBnAEos

164 139 212 188 2⁵.
233 143 294 185 18.
320 141 372 182 Ut
382 154 452 193 per
467 139 565 179 duas
582 153 641 179 res
660 139 889 192 immobiles,
914 140 1055 183 scilicet
1068 169 1080 192 ‚
1101 143 1401 202 &Quem

111 217 147 252 et
167 211 424 263 juramentum.

163 271 322 325 Quibus
336 265 404 310 Gr.
421 269 461 309 in
490 268 637 322 quibus.
666 264 756 321 Syr.
793 268 834 308 in
862 268 1023 322 quibus,
1055 268 1228 323 scilicet,
1230 271 1406 326 duabus

106 337 231 378 rebus.

153 397 396 451 Impossibile
412 403 468 436 est
485 396 641 436 menti-d
657 396 793 438 Deum.
816 393 916 448 Qui,
939 398 1024 439 cum
1048 400 1238 454 primasit
1257 403 1403 451 veritas

100 467 139 503 et
161 461 324 502 maxime
342 473 458 500 verax
471 491 480 509 ‚
499 473 571 500 nec
593 457 666 498 fatti
686 465 829 512 potest,
848 473 920 500 nec
934 459 1075 504 fallere.

153 525 418 566 Fortissimum
438 524 615 563 solatium
636 521 865 574 habeamus,
890 524 927 566 id
945 532 998 566 est
1011 557 1021 576 ‚
1041 528 1248 581 maximam
1269 535 1307 571 et
1329 535 1405 571 tn·—

99 589 279 630 tissimam
301 589 339 627 in
362 585 469 636 hujus
502 587 588 625 vitae
621 584 790 626 adversis
821 591 859 627 et
890 590 1072 640 angustiis
1096 589 1403 635 consolationem

96 655 350 703 inveniamus,
386 653 504 693 securi
536 651 676 692 scilicet
706 651 756 693 de
791 648 868 693 Dei
900 655 1152 707 promissione
1186 657 1405 718 juramento

97 715 327 759 confirmata.

157 782 235 836 Qui
255 778 534 832 confugimus...
546 776 632 820 Nos
644 766 853 833 spirituales
867 778 1035 823 Abrahae
1053 782 1144 837 filii,
1161 786 1250 839 qui,
1269 784 1404 826 relic-to

97 844 172 887 hoc
193 844 330 886 saecuio
349 842 549 894 nansi-³30,
572 839 714 885 Christi
730 842 845 884 fidem
868 844 1060 900 amplexi,

159 911 403 964 Cmy‘ugimus
423 910 477 948 ad
492 909 697 949 tenendam
722 912 963 963 propositam
987 926 1109 963 spem,
1134 910 1176 952 id
1197 917 1275 963 esi,
1295 926 1402 954 con-

92 973 276 1027 sugimus,
304 975 343 1012 in
374 973 563 1025 praeterito
577 1001 588 1020 ‚
625 971 673 1011 ad
709 971 1076 1025 apprehendendam
1111 979 1148 1015 et
1186 973 1405 1022 firmissime

92 1038 388 1092 amplectendam
413 1051 521 1091 spem
552 1035 759 1077 futurorum
797 1038 987 1080 bonorum
1002 1069 1013 1091 ,
1033 1039 1147 1080 nobis
1163 1042 1403 1094 praeposito—

93 1117 177 1144 rum
196 1109 233 1143 et
252 1115 319 1156 pro
339 1100 558 1142 haereditate
574 1102 859 1154 promissorum.

145 1169 258 1222 Spem
282 1181 347 1222 per
367 1169 638 1222 metonymiam
662 1174 770 1215 vocat
791 1166 856 1208 hic
878 1167 1075 1220 objectum
1097 1169 1208 1222 spei,
1227 1182 1297 1222 seu
1313 1183 1402 1211 rem

96 1248 206 1288 quam
229 1247 419 1286 speramus
439 1262 450 1282 ,
470 1231 610 1272 seilicet
630 1238 811 1272 aeternam
833 1231 989 1285 gloriam
1003 1262 1014 1282 ‚
1036 1234 1149 1275 nobis
1171 1247 1240 1288 pro
1260 1223 1400 1282 ¹bonu--

98 1314 180 1342 rum
202 1312 357 1351 operum
375 1296 551 1338 mercede
573 1298 803 1350 propositam
823 1304 858 1338 et
881 1299 1115 1350 promissam.

152 1362 208 1417 Ϋ.
232 1379 294 1420 ¹9·
318 1362 459 1415 Quam,
492 1362 632 1403 scilicet
663 1378 790 1416 spem,
827 1365 928 1403 sicut
955 1364 1172 1405 anchoram
1210 1364 1403 1406 habemns

92 1431 279 1470 onimoe...
296 1425 381 1482 Syr.
399 1440 481 1483 quae
507 1427 659 1480 quidem
679 1435 733 1468 est
751 1428 862 1468 nobis
882 1428 986 1469 vetut
1007 1427 1195 1480 anchora,
1219 1442 1308 1484 quae
1329 1443 1400 1471 re·—

93 1499 187 1538 tinet
206 1498 371 1537 animam
393 1502 559 1535 nostram
580 1509 629 1535 ne
643 1503 940 1537 commoveatur.
1338 1536 1355 1548 ,

147 1560 192 1604 Id
211 1570 266 1604 est
281 1593 291 1613 ‚
317 1578 431 1616 quom
450 1577 554 1614 spem
576 1561 759 1602 habemus
776 1562 878 1604 velut
902 1563 1117 1604 anchoram
1136 1563 1301 1615 anima,
1316 1578 1402 1606 non

93 1628 424 1683 qualemcumque,
456 1626 524 1666 sed
552 1632 692 1676 tutam,
722 1625 761 1666 id
782 1634 860 1673 est,
884 1626 1138 1676 infallibilem
1157 1625 1403 1679 eefirmam,

91 1692 128 1732 id
148 1698 231 1740 est,
251 1703 334 1743 quae
355 1691 510 1730 firmiter
531 1691 666 1730 retinet
685 1689 787 1743 quod
809 1689 1075 1744 apprehendit.

149 1752 254 1795 Sicut
272 1752 435 1793 anchora
459 1759 535 1792 tuta
554 1754 682 1792 navim
703 1755 823 1802 sistit,
846 1767 893 1793 ne
910 1755 948 1792 vi
971 1759 1240 1806 tempestatum
1259 1750 1340 1793 huc
1357 1759 1403 1794 et

86 1820 171 1862 illuc
188 1822 321 1873 agitata
355 1823 643 1871 conquassetur;
661 1820 716 1858 sic
729 1832 815 1871 spes
832 1811 996 1860 animam
1027 1819 1147 1859 firmat
1161 1819 1261 1860 inter
1284 1815 1416 1871 hujus

93 1886 219 1927 saecuti
244 1890 507 1939 tempestates,
533 1897 582 1923 ne
602 1882 854 1936 demergatur.
1110 1919 1114 1924 ,

150 1950 202 1989 Et
224 1949 474 1997 incedenlem.
513 1944 583 1988 Gr.
607 1946 909 2001 ingredientem,
935 1945 973 1986 id
1006 1952 1087 1995 est,
1123 1948 1173 1988 ita
1201 1945 1325 1988 firmat
1355 1953 1399 1989 et

90 2014 261 2056 stabilem
284 2014 406 2055 reddit
441 2016 635 2065 animam,
673 2020 712 2053 ut.
731 2012 826 2053 iltius
845 2013 1131 2054 fluctuationem
1153 2011 1401 2067 impediens,-

93 2093 241 2120 cursum
260 2093 336 2120 non
358 2077 544 2124 retardet;
569 2077 638 2118 sed
664 2077 758 2118 illam
783 2078 950 2132 perducit

158 2145 283 2198 Usque
300 2145 355 2183 od
374 2144 554 2183 interiora
584 2144 788 2183 velaminis
802 2173 812 2190 ,
838 2143 876 2183 id
906 2149 984 2190 est,
1007 2156 1125 2196 usque
1147 2141 1194 2183 ad
1211 2140 1397 2184 Sanctum

90 2213 307 2248 sanctorum
323 2237 335 2259 ‚
361 2206 462 2260 quod
486 2212 562 2246 erat
585 2207 678 2246 intra
697 2207 846 2254 velunu
882 2205 917 2245 id
941 2213 1020 2256 est,
1047 2219 1166 2261 usque
1184 2205 1232 2247 ad
1255 2206 1398 2248 coelum

33 2279 38 2287 '
92 2287 317 2327 empyreum
333 2305 343 2318 .
368 2272 470 2323 eujus
490 2272 606 2325 figura
627 2278 703 2312 erat
719 2269 897 2312 Sanctum
919 2278 1149 2312 sanctorum.

148 2332 198 2382 fi,
221 2351 291 2378 20.
317 2336 395 2376 Ubi
406 2349 634 2390 praecursor,
655 2334 694 2375 id
716 2341 794 2384 est,
828 2339 903 2386 quo
927 2332 1038 2374 ,lesus
1055 2329 1229 2374 Christus
1252 2334 1398 2385 primus

91 2396 285 2463 introivit,
313 2402 427 2458 idque
459 2409 587 2443 nostro
619 2402 724 2443 bono
740 2432 752 2455 ,
775 2408 927 2455 propter
947 2415 1039 2452 nos,
1066 2407 1108 2444 ut
1135 2398 1263 2442 locum
1282 2398 1401 2440 nobis
