1474 2658
43 0 178 54 ΡΨ*
185 0 296 53 W

0 0 63 75 F
190 70 214 110 23v
376 64 687 113 mmmm
715 80 769 111 m·
798 74 1064 126 nunonem
1271 68 1377 123 345

83 131 273 180 wari,
293 133 622 178 conducenda-e
610 145 651 172 ιιι
665 133 721 171 iis
726 146 809 183 quae
827 135 947 185 ipsius
962 121 1064 174 bono
1081 139 1119 175 et
1132 135 1376 176 aedificationi

113 186 268 228 cedunt.
285 193 313 227 Ι.
332 193 416 228 383.
431 188 524 257 Vide
539 189 846 239 complacentia,
866 192 1194 240 Communicatio,
1219 191 1375 242 Benefi-

113 245 256 284 omia.
392 255 395 258 ⁴
433 263 436 267 ⁴

63 305 107 340 Ιιι
120 312 197 349 quo
215 300 342 338 differt
355 260 628 350 complacentia
639 313 751 351 quam
764 299 926 352 inspirat
937 304 1120 352 charitas,
1137 306 1183 343 ab
1201 306 1244 343 ea
1261 317 1373 355 quam

113 360 274 408 inspirat
291 360 493 409 cupiditas.
511 360 607 398 lbid.

62 417 202 455 Christi
219 418 401 464 charitas,
423 418 490 466 qui
509 419 673 467 propriis
699 419 906 456 commodis
924 431 1001 456 non
1026 422 1192 466 studuit,
1214 422 1281 458 sed
1305 423 1395 471 Dei⁵

111 476 242 524 gloriae
258 480 298 513 et
315 481 450 514 nostrae
469 477 581 514 saluti
596 482 703 515 vtotus
732 478 929 525 incubuit,
949 489 1019 516 nos
1043 490 1178 527 urgere
1196 480 1307 517 debet
1326 481 1374 518 ad

110 541 326 586 utrumque.
346 543 374 574 Ι.
395 542 480 576 383.
510 542 596 576 394.
622 543 708 576 395.

61 594 231 632 Charitas
247 596 427 633 continue
445 597 606 644 petenda
626 597 647 632 ἒι
665 601 754 634 Deo.
779 600 820 633 V.
842 601 902 635 53.
923 601 983 636 61.

60 653 143 690 Tria
159 665 228 690 nos
245 655 264 690 ἒι
282 653 464 691 charitate
480 655 676 692 retrahunt
693 655 887 692 continue.

60 709 156 746 Hinc
185 711 388 748 necessitas
416 710 548 747 orandi
578 711 759 747 continue
793 716 829 748 et
863 712 1086 749 charitatem
1120 712 1291 760 petendi.
1327 714 1370 749 V.

112 774 171 808 53.
196 776 258 807 61.
804 802 809 807 .
1211 787 1216 790 ·

59 827 232 864 Charitas
250 827 300 864 sit
317 828 486 864 omnium
504 832 716 866 nostrarum
735 829 925 866 actionum
946 831 1088 878 regula.
1109 834 1136 866 1.
1160 834 1246 868 368.

58 887 226 925 scientia
243 893 277 926 et
302 887 377 924 fide
394 889 577 925 utendum
597 890 803 926 secundum
823 890 1055 927 charitatem.
1076 891 1171 927 lbid.

57 947 109 980 Ex
128 944 310 982 charitate
329 946 538 982 cavendum
555 958 605 982 ne
622 947 797 993 cuiquam
817 947 927 983 detur
946 946 1217 983 offendiculum
1232 959 1245 999 3
1260 957 1372 995 prop-

107 1008 209 1042 terea
227 1005 430 1053 aliquando
449 1005 468 1040 a
484 1005 599 1041 licitis
616 1005 728 1042 etiam
746 1006 1022 1043 abstinendum.
1043 1011 1071 1043 1.
1093 1011 1178 1045 370.

59 1062 199 1100 Christi
216 1074 285 1111 pro
303 1062 415 1099 fratre
429 1065 555 1098 nostro
572 1061 724 1098 infirmo
743 1062 922 1108 charitas,
942 1066 1106 1099 nostram
1121 1063 1163 1099 in
1181 1073 1266 1100 eum
1282 1063 1373 1100 cha-

42 1126 44 1129 ’
105 1118 255 1155 ritatem
274 1118 466 1154 accendat.
490 1121 517 1154 1.
540 1122 625 1154 337.
649 1123 734 1154 338.

53 1175 255 1212 charitatis
262 1175 385 1212 debiti
400 1173 537 1211 solutio
549 1174 757 1211 solventem
769 1173 864 1210 ditat
874 1184 918 1210 eo
931 1174 1092 1222 amplius
1103 1203 1113 1221 ‚
1127 1173 1203 1223 qub
1214 1184 1372 1223 promp-

103 1233 200 1279 tius,
221 1233 364 1281 largius
383 1237 420 1270 et
440 1232 635 1269 liberalius
654 1231 779 1268 solvit.
798 1235 826 1267 Ι.
855 1235 939 1269 348.
959 1235 1043 1269 349.

53 1292 221 1329 Charitas
249 1303 379 1329 omnes
396 1290 560 1328 .virtutes
584 1289 769 1335 includit,
796 1290 922 1327 omnia
951 1290 1043 1327 vitia
1072 1289 1252 1334 destruit3
1278 1289 1370 1326 hinc

104 1351 306 1399 plenitudo
325 1350 432 1398 legis.
450 1350 545 1386 lbid.

53 1413 222 1449 Charitas
238 1412 307 1449 Dei
325 1415 462 1448 nostroe
479 1409 674 1447 charitatis
694 1410 896 1458 exemplar.
916 1414 975 1447 1v.
998 1414 1081 1448 140.

53 1469 221 1506 Charitas
238 1469 378 1506 Christi
397 1468 501 1505 aliud
518 1471 655 1503 nostrae
673 1467 867 1504 charitatis
889 1469 1089 1516 exemplar.
1109 1470 1167 1504 IV.
1191 1469 1275 1503 141.

53 1528 223 1566 Charitas
241 1531 297 1566 est
314 1526 585 1564 Christianismi
606 1525 776 1573 spiritus,
795 1529 856 1562 ΙΙΙ.
883 1529 968 1562 451.

53 1588 221 1624 Charitas
239 1591 295 1624 est
311 1585 399 1622 finis
416 1582 640 1628 Christiani,
667 1584 714 1618 ad
732 1594 843 1652 quem
864 1584 1044 1620 continue
1066 1583 1222 1620 tendere
1241 1582 1365 1620 debet.

51 1644 410 1750 Dillsse54‚5irerbum
435 1700 549 1736 breve
576 1701 613 1735 et
634 1698 814 1745 longum,
846 1697 934 1746 quia
962 1709 1111 1747 semper
1134 1696 1364 1735 faciendum.

101 1758 288 1796 111.⁴52.

51 1818 174 1851 Unum
193 1817 248 1851 est
264 1813 333 1850 Dei
350 1817 602 1861 praeceptum,
623 1811 788 1859 Diliqes.
810 1810 911 1847 Ibid.

50 1873 173 1906 Unum
192 1869 358 1906 medium
376 1869 423 1904 ad
443 1868 951 1915 charitatem-assequendam
963 1895 973 1914 ,
996 1868 1138 1915 spiritu
1154 1867 1365 1920 gzmbulale.

100 1925 176 1962 III.
199 1927 285 1961 453.
308 1924 393 1961 454.

51 1980 221 2017 Charitas
238 1980 382 2027 primus
399 1983 455 2016 est
475 1978 636 2027 Spiritus
655 1979 812 2015 fructus.
832 1983 892 2014 ΙΙΙ.
919 1982 1004 2016 456.

51 2042 163 2083 Ama,
188 2042 226 2074 et
245 2038 304 2074 fac
321 2039 424 2085 quod
447 2039 517 2074 vis.
538 2042 612 2074 Cur
633 2036 791 2074 verum.
809 2038 966 2075 Ibidem.

51 2065 220 2132 Charitas
240 2106 387 2143 semper
401 2096 579 2143 petenda.
599 2095 693 2131 lbid.
796 2098 799 2101 '
820 2130 825 2134 ,

50 2155 137 2187 Tres
154 2155 242 2188 sunt
259 2151 471 2188 christiana:
489 2150 682 2187 charitatis
700 2150 969 2188 conditiones:
990 2151 1039 2189 sit
1055 2151 1223 2199 sincera,
1241 2164 1336 2202 pura
1351 2179 1363 2199 ‚

99 2213 268 2249 honesta.
290 2215 317 2247 Ι.
340 2216 427 2248 328.

51 2268 247 2314 Quomodo
265 2266 496 2302 obtinendae.
516 2266 612 2303 lbid.

49 2323 220 2359 Charitas
252 2323 464 2360 insatiabile
496 2324 659 2372 bonum,
699 2325 826 2362 nullus
855 2325 968 2373 hujus
1001 2325 1091 2364 boni
1121 2327 1268 2365 modus.
1304 2329 1362 2363 lV.

103 2385 189 2417 226.

54 2435 224 2474 Charitas
242 2440 297 2475 est
315 2435 402 2473 finis
424 2441 461 2475 et
479 2449 614 2487 scopus
634 2438 744 2488 legis.
766 2443 810 2478 V.
833 2443 892 2478 76.
