1474 2658
317 77 455 123 mnsx
477 66 723 114 nuaram·
749 78 1014 111 vannonum.
1231 71 1317 124 445

115 131 498 229 lobduratos‘duplex*
508 137 668 177 intentio
684 138 776 185 Dei,
796 139 895 177 sicut
910 140 1010 178 circa
1027 142 1268 193 Pharaonem.
1285 149 1313 183 1.

60 195 108 229 2⁴
138 220 149 230 .

342 239 538 293 ortano
550 237 739 293 >cmus'n
761 258 983 294 cauma,

32 314 34 316 ¹
63 327 96 366 it
106 327 249 366 infiniti
265 332 426 379 valoris,
442 334 586 383 triplici
602 346 646 372 ex
665 339 784 384 parte.
801 340 860 372 vl.
879 340 967 374 232.

43 383 143 420 mnia
158 390 317 432 peecata
337 390 517 427 exhausit.
540 391 636 427 thid.

41 455 91 482 on
108 444 197 482 ideo
214 445 364 486 inutilis
386 450 581 488 incruenta
602 452 764 496 oblatio,
791 463 860 501 per
878 463 992 500 quam
1017 454 1126 491 nobis
1150 457 1319 504 applicat

57 499 230 566 christus
244 507 374 552 quod'
362 519 404 544 m
422 510 712 572 cruce-meruit.
726 509 800 573 Vl.
822 514 910 546 238.
910 564 918 572 .

65 899 178 939 ristus
195 901 216 938 a
233 902 357 951 primo
374 903 462 942 vitae
480 905 635 942 instanti
655 917 695 942 se
712 907 794 944 Deo
813 908 986 945 devovet.
1006 908 1079 947 VI.
1102 914 1189 948 221.

33 958 201 996 blatione
219 961 285 996 sua
304 963 461 1008 abrogat
479 964 613 1008 legalia
637 964 819 999 sacrificia
832 990 843 1010 ‚
865 976 1049 1012 suumque
1068 970 1274 1005 substituit.

32 1015 119 1052 nica
135 1018 305 1111 cgsrporis
320 1018 377 1053 sui
395 1018 587 1054 oblatione
604 1019 644 1054 in
663 1030 776 1055 cruce
794 1020 946 1067 peracta
964 1021 1214 1058 sanctificavit
1234 1034 1317 1059 om-

50 1082 132 1110 nes·
195 1073 229 1111 I.
250 1078 338 1111 222.
909 1093 912 1095 ·

33 1139 87 1166 aec
104 1130 354 1168 sanctificatio
370 1133 479 1169 nobis
502 1133 715 1181 applicatur
731 1144 800 1181 per
816 1132 929 1170 fidem
942 1160 953 1179 ‚
973 1145 1042 1182 per
1061 1139 1310 1181 sacramenta,

49 1200 119 1236 per
138 1191 238 1227 bona
255 1202 383 1239 opera.
406 1192 482 1230 VI.
504 1197 590 1230 225.
1099 1234 1101 1236 .

31 1255 76 1280 ur
91 1245 294 1283 reiteretur
311 1247 509 1285 incruenta
527 1249 667 1285 oblatio
686 1248 852 1285 Christi?
869 1248 943 1287 VI.
965 1252 1051 1285 226.

35 1303 197 1350 ysticum
213 1305 351 1342 Christi
368 1306 592 1343 sacrificium
610 1308 657 1342 ab
677 1306 843 1354 antiquis
860 1311 1055 1342 assertum.
1077 1305 1150 1343 VI.
1173 1310 1258 1343 313.

28 1363 148 1418 riplex
171 1366 288 1402 altare
311 1367 450 1402 Christi
474 1378 537 1402 seu
563 1367 603 1402 in
624 1377 699 1412 quo
727 1366 896 1402 Christus
920 1364 1096 1409 offertur,
1119 1365 1310 1411 ligneum,

0 1453 1 1460 ἶ
48 1419 266 1469 lapideum,
283 1433 452 1458 aureum.
472 1422 547 1461 VI.
570 1426 655 1458 312.

518 1499 794 1532 OECONOMIA.

0 1576 229 1634 qiconomia
247 1578 342 1625 quid
357 1578 459 1625 apud
477 1578 684 1624 'theologos
705 1581 743 1613 et
759 1576 886 1613 unde?
904 1575 978 1615 IV.
1000 1580 1059 1612 80.

478 1664 558 1697 OFF
561 1664 618 1696 EN
621 1664 818 1696 DICULUM
823 1688 831 1696 .

3 1741 56 1775 Ex
71 1739 254 1776 charitate
272 1740 479 1776 cavendum
497 1751 544 1776 ne
562 1740 737 1787 cuiquam
755 1740 1025 1792 offendiculum
1043 1741 1175 1784 detur;
1197 1752 1309 1789 prop-

53 1799 157 1840 terea
173 1798 195 1833 a
211 1797 327 1834 licitis
344 1799 456 1835 etiam
475 1799 753 1836 abstinendum.
775 1803 804 1835 Ι.
828 1804 910 1835 370.

592 1889 704 1922 OLEA
712 1913 720 1922 .

3 1961 172 1997 Ecclesia
191 1966 248 1998 est
263 1964 363 2008 olea,
382 1964 490 2009 cujus
514 1964 617 1999 radix
633 1963 855 2011 patriarchae
867 1990 876 2007 ,
899 1963 1114 2011 prephetae,
1135 1964 1308 2010 apostoli.

4 2018 123 2064 Hujus
136 2017 244 2054 olivae
260 2019 453 2065 pinguedo
474 2025 529 2055 est
544 2019 773 2055 abundantia
791 2019 931 2064 gratiae.
950 2018 984 2056 Ι.
1005 2023 1090 2055 302.
1113 2023 1199 2055 303.

6 2077 62 2113 Ab
79 2076 149 2112 hac
171 2076 269 2112 oliva
285 2077 406 2113 Judaei
426 2079 473 2113 ob
490 2078 751 2114 infidelitatem
769 2077 910 2120 avulsi;
931 2077 1098 2113 Gentiles
1125 2078 1173 2113 ob
1196 2077 1309 2115 fidem

55 2131 115 2168 illi
133 2132 274 2169 inserti.
293 2133 328 2169 Ι.
350 2138 434 2172 302.
458 2139 542 2171 303.

6 2191 63 2227 Ob
81 2190 155 2227 hoc
174 2196 251 2228 Deo
269 2192 407 2239 gratias
423 2204 596 2239 agamu53
616 2196 653 2228 at
673 2203 721 2229 ne
740 2193 944 2239 gloriemur
967 2192 1008 2228 in
1033 2192 1141 2229 nobis
1162 2203 1233 2229 nec
1254 2205 1314 2230 ra-

56 2259 137 2284 mos
158 2249 295 2285 fractos
310 2250 573 2297 despiciamus.
595 2249 628 2286 I.
652 2254 737 2286 303.

6 2305 91 2343 Imo
108 2308 221 2355 lapsis
239 2312 304 2345 aut
321 2308 543 2345 cadentibus
561 2308 843 2355 compatiamur.
864 2308 897 2344 I.
920 2312 1005 2344 303.
1028 2311 1111 2344 304.

8 2360 214 2398 Timeamus
225 2375 273 2400 ne
287 2367 325 2402 et
341 2375 410 2401 nos
427 2368 582 2412 propter
598 2363 861 2400 infidelitatem
876 2365 1092 2401 evellamur.
1109 2350 1206 2400 IlJid.
1221 2361 1315 2400 Nide

58 2420 250 2463 Ecclesia
