1474 2658
333 60 466 113 rumex
494 81 649 112 nuum
680 82 737 112 ΕΤ
766 78 1024 114 νειιΒοιιωῐ.
1260 73 1348 132 449
1379 67 1388 76 ’

425 161 668 197 onuloms
693 161 953 196 Eunomo.

0 219 72 279 Ἶὸ.
90 241 228 278 holus
241 250 315 288 pro
333 238 401 276 sua
416 239 438 275 ὲ
454 238 579 276 carnis
591 238 788 275 vexatione
805 238 1032 275 liberatione
1050 249 1175 284 oranS,
1194 237 1349 276 auditus

33 322 41 329 -
80 307 159 337 non
178 296 252 333 ruit
267 299 307 333 et
324 295 490 333 auditus.
512 294 589 332 111.
615 298 702 332 268.

30 353 94 395 Ita
118 366 218 404 σερε
242 355 336 404 justi
349 358 500 392 orantes
525 354 733 393 audiuntur
751 357 791 391 et
808 365 886 391 non
906 353 1127 392 audiuntur.
1150 353 1228 392 III.
1242 355 1346 394 Ibid.

79 418 123 503 'et
141 417 230 504 mf
420 508 426 512 ,
493 463 499 469 ·
522 467 625 501 -uos
651 466 839 500 omnm.

32 547 112 583 uos
132 519 414 582 Corinthiun-uui
438 545 580 594 apertis
604 546 714 581 vultu
738 548 778 582 et
798 543 923 592 capite
949 543 1084 581 orandi
1106 548 1145 582 et
1164 544 1349 592 loquendi

82 600 125 638 in
142 601 299 655 templo.
326 599 459 637 Unde?
475 600 530 637 ΙΙ.
551 604 637 637 268.

30 656 177 699 Varius
201 658 271 694 hac
292 657 335 695 in
358 669 401 696 re
426 658 500 695 fuit
525 670 605 695 mos
626 658 796 696 virorum
823 657 865 695 in
891 657 1005 695 variis
1028 656 1261 705 regionibus.
1288 657 1345 696 11.

84 719 173 754 268.
193 720 281 754 269.

32 774 110 812 Hac
132 776 180 812 de
198 786 240 812 re
266 776 652 824 loquitur-,Apostolus
667 775 771 822 juxta
788 774 1084 811 consuetudines
1102 778 1195 811 tunc
1215 785 1349 824 recep·

83 837 141 869 tas
157 843 243 880 quae
260 844 364 869 nunc
382 834 478 870 aliae.
506 832 560 869 ΙΙ.
581 837 669 871 269,
701 836 788 870 270.

611 920 750 954 ORDO.

32 1000 133 1038 Ordo
150 1011 277 1038 rerum
294 1001 462 1038 omnium
480 1014 490 1037 ι
512 999 638 1037 omnia
655 1002 783 1036 nostra
801 1001 889 1034 sunt
900 1024 911 1043 ‚
926 997 1090 1033 mundus
1102 1023 1113 1044 ‚
1133 996 1210 1033 vita
1223 1024 1233 1042 ‚
1252 1009 1350 1046 prae·

82 1061 228 1106 sentia,
248 1061 398 1104 futura3
415 1072 485 1097 nos
503 1071 632 1096 sumus
649 1057 814 1104 Christi,
830 1056 1007 1094 Christus
1023 1056 1111 1093 Dei.
1131 1055 1186 1093 11.
1208 1059 1271 1095 80.

31 1117 134 1154 Ordo
150 1117 258 1154 ducit
274 1118 324 1154 ad
341 1121 475 1154 Deum.
495 1116 550 1153 ΙΙ.
571 1120 658 1153 273.

33 1176 136 1212 Ordo
154 1174 359 1211 servandus
371 1174 392 1209 'a
412 1174 492 1210 viro
511 1185 599 1220 erga
613 1172 816 1219 conjugem
835 1182 952 1207 suam.
974 1169 1075 1207 Ibid.

29 1232 133 1269 Ordo
149 1232 355 1269 servandus
371 1231 393 1268 a
411 1232 587 1279 conjuge.
605 1230 706 1267 Ibid.

31 1295 122 1338 Quae
139 1281 236 1328 inala
256 1302 301 1328 ex
317 1291 431 1338 hujus
448 1291 593 1327 ordinis
611 1288 903 1326 inobservantia.
928 1287 1030 1324 Ibid.

30 1354 79 1387 Ut
92 1351 155 1388 hic
175 1352 267 1387 ordo
278 1355 463 1398 servetur,
483 1350 554 1387 tria
573 1349 698 1398 capita
716 1348 894 1386 notanda.
920 1346 1020 1383 Ibid.

31 1409 133 1446 Ordo
149 1419 227 1456 quo
243 1409 417 1465 doctrina
434 1408 638 1446 christiana
656 1407 876 1444 tradebatur
887 1406 935 1441 ab
949 1404 1144 1453 apostolis,
1159 1404 1233 1445 VI.
1259 1409 1343 1445 109.

552 1491 820 1525 ORDINANDI.

24 1544 136 1599 ‘Unde
155 1567 235 1603 orta
254 1563 410 1611 antiqua
436 1563 671 1600 consuetudo
690 1560 913 1610 publicandi
939 1560 1095 1596 nomina
1111 1561 1347 1600 ordinando·

79 1629 178 1655 rum.
198 1617 252 1657 V.
277 1622 359 1656 139.

28 1674 199 1712 Notanda
217 1675 318 1711 circa
339 1675 636 1713 ordinandorum
657 1685 825 1713 examen.
845 1673 897 1713 V.
923 1678 1006 1711 186.

550 1766 810 1800 ORDINATlo.

28 1835 84 1868 De
103 1832 343 1869 ordinatione
360 1845 436 1870 non
458 1835 607 1871 locutus
627 1840 682 1871 est
700 1834 739 1871 S.
761 1834 907 1870 Paulus.
930 1831 1147 1878 QuareW.
1173 1837 1256 1872 139.

26 1889 224 1927 ordinatio
239 1892 470 1941 episcopalis
487 1898 542 1929 est
554 1897 840 1930 sacramentum.
863 1892 911 1930 V.
933 1895 1019 1928 228.

25 1948 190 1984 Gratiam
210 1949 357 1985 confert
373 1950 486 1993 etiam
505 1950 816 1988 sanctificantem.
839 1949 938 1986 Ibid.

27 2008 113 2041 Haee
131 2005 250 2052 gratia
269 2009 400 2055 tepore
418 2008 604 2044 minuitur
617 2035 627 2053 ‚
648 2008 794 2044 fervore
812 2007 1089 2045 reaccenditur.
1110 2007 1212 2045 Ibid.

537 2091 826 2124 ORJENTALES.

25 2161 274 2199 Orientalium
293 2175 373 2200 mos
391 2168 471 2201 erat
488 2176 603 2212 grana
623 2170 792 2212 segetum
810 2165 964 2212 ungulis
982 2165 1124 2201 bonum
1136 2176 1194 2214 *ex
1215 2166 1340 2205 aristiS

75 2225 263 2258 excutere.
285 2222 339 2259 11.
362 2226 447 2258 205.

24 2283 71 2318 Et
91 2281 179 2328 quia
207 2283 416 2320 tenaciores
437 2283 555 2330 aliqui
575 2295 639 2320 ora
658 2284 800 2320 bonum
819 2283 1062 2321 infrenabant
1080 2296 1129 2321 ne
1148 2286 1195 2322 de
1217 2287 1340 2335 frugi-

74 2339 145 2375 bus
163 2351 255 2387 quas
271 2342 456 2385 terebant,
478 2342 647 2386 ederent,

24 2393 122 2487 nine
134 2425 138 2430 .
151 2396 255 2434 Deus
267 2425 277 2442 ‚
307 2402 459 2436 Denter.
495 2403 555 2436 25.
586 2398 679 2438 Non
709 2400 888 2447 alliqabis
916 2412 960 2438 os
993 2399 1082 2439 bovi
1114 2401 1334 2438 trituranti.

95 2451 172 2491 bid.

229 2521 287 2551 vl.
1078 2526 1130 2568 ¹9
1146 2542 1159 2553 .
