1430 2658
355 75 1387 145 mmmmm.00p.V11.141

70 153 187 207 ff}
191 115 330 210 ,βαιὴ
347 154 390 199 id
401 160 489 208 ent,
507 149 776 200 Abrahamum
788 185 800 206 ‚
818 161 974 210 patrem
984 162 1174 211 patrum,
1165 150 1269 197 Deo
1285 154 1387 199 cha-

71 217 294 275 ῆωῖωιίω,
312 224 372 266 cui
394 219 510 268 Deus
520 223 632 265 toties
646 230 684 266 et
702 229 782 265 tam
796 223 938 264 eximia
938 220 1064 264 'bona
1084 223 1385 278 promiserat,·et

11 313 49 331 -μ
74 285 400 342 praecipue-‚quad
426 287 475 328 in·
493 286 579 340 ipso
611 285 891 329 benedicendae
908 284 1035 328 forent
1055 300 1192 329 omnes
1218 292 1384 341 genten

4 365 11 373 ·
66 350 201 404 huuc,
234 353 390 407 inquam
404 381 418 404 ,
456 349 568 393 telem
591 357 631 393 et
662 357 808 394 tantum
841 348 1043 392 benedixit
1063 348 1353 395 Melchisedech
1370 381 1385 404 ,

73 420 256 470 tanquam
274 428 318 457 se
331 416 538 456 minorem.

124 476 186 531 Y.
203 493 243 534 7.
263 480 358 521 Sim,-
373 476 458 520 ulla
477 479 829 521 contradictione...
841 475 928 533 Syr.
951 475 1079 520 Porro
1092 507 1105 530 ,
1125 477 1270 532 absque
1283 493 1385 521 con-

72 542 283 594 troversia,
308 545 373 599 qui
383 544 520 585 ,minor
542 548 600 584 est
629 542 872 584 benedicitur
901 542 950 583 ab
985 556 1032 584 eo
1058 542 1120 596 qui
1145 545 1384 595 praestantior

61 599 122 659 est
140 611 225 665 ipso
247 625 258 651 :
278 609 444 664 intellige
461 607 918 650 benedictionesotemni
935 614 972 649 et
996 605 1270 650 auctoritativa.

118 670 418 724 Melchisedech·
440 685 534 727 ergo
550 703 564 725 ‚
592 674 656 727 qui
686 678 802 728 typus
823 678 904 714 erat
925 669 1092 722 Christi,
1116 674 1220 726 cujus
1249 686 1383 717 sacer-

63 741 214 784 dotium
244 740 420 796 singulari
446 739 566 782 modo
593 740 916 794 repraesentabat,
947 740 1032 793 ipso
1054 736 1283 782 Abrahamo
1315 744 1380 796 qui

64 811 183 851 etiam
200 807 472 850 sacrificaverat
495 814 534 849 et
551 808 615 863 qui
635 809 912 861 promissiones
936 806 1102 850 habebat
1115 837 1128 861 ,
1144 807 1280 850 melior
1301 815 1379 850 erat

69 881 109 918 et
126 876 377 931 praestantior.

119 940 277 996 Quanto
296 943 445 999 dignior
466 957 559 999 ergo
579 941 753 986 Christus
768 944 851 998 ipse
869 957 880 992 ς
903 945 934 984 si
956 944 1061 984 enim
1081 949 1183 985 tanta
1199 941 1268 984 suit
1285 956 1379 984 um·-

63 1005 134 1047 bra
154 1001 299 1047 Christi
313 1035 325 1056 ,
347 1013 508 1060 quantus
529 1003 780 1049 est'Christus
798 1008 877 1060 ipsa
894 1007 1034 1047 veritas
1052 1004 1062 1046 l

130 1067 239 1111 Hinc
255 1076 293 1111 et
309 1069 448 1125 collige
469 1077 608 1126 quanta
628 1073 675 1112 sit
696 1070 861 1126 dignitas
879 1078 917 1113 et
937 1071 1154 1127 praestantia
1171 1071 1211 1112 in
1228 1084 1380 1111 summo

12 1150 17 1159 κ
63 1132 256 1176 Pontifice
274 1164 286 1185 ‚
315 1136 355 1175 in
389 1136 603 1190 episcopis,
628 1137 665 1176 in
691 1135 973 1188 sacerdotibus,
1001 1135 1207 1190 ipsummet
1235 1131 1377 1176 Christi

65 1198 320 1242 sacerdotium
344 1198 488 1243 Chris'i
507 1204 593 1243 vice
620 1202 853 1256 gerentibus.

124 1263 185 1318 y.
203 1265 244 1307 8.
266 1267 350 1307 llic
370 1267 522 1320 quidem
540 1269 716 1308 decimas
744 1268 996 1309 morientes...
1026 1259 1107 1305 ὃῗὲε
1120 1296 1131 1312 ,
1148 1265 1213 1308 hic
1234 1267 1378 1309 adver-

66 1330 190 1371 bium.

118 1394 250 1438 Tertia
263 1395 328 1438 hic
341 1395 546 1439 exhibetur
563 1397 785 1440 excellentia
804 1397 1038 1439 decimarum
1051 1400 1072 1439 ὲ
1084 1395 1377 1441 Melchisedech

59 1471 295 1519 sumpturum
309 1497 321 1517 ‚
348 1471 387 1506 et
409 1460 690 1520 consequenter
713 1468 794 1518 ejus
815 1465 1019 1508 sacerdotii
1040 1468 1245 1508 eminentia
1263 1481 1378 1522 super

0 1535 16 1589 [b
59 1527 280 1581 Aaronem,
303 1531 471 1583 scilicet,
496 1545 546 1573 ex
567 1534 833 1586 perpetuitate.

0 1589 8 1597 ⁸
51 1655 54 1658 Ι
118 1597 170 1638 Et
185 1597 267 1650 hic,
287 1597 326 1639 id
349 1605 431 1651 est,
454 1599 552 1640 inter
571 1597 756 1652 hdaeos,
779 1613 846 1640 seu
866 1601 904 1639 in
925 1599 1010 1655 lege
1027 1596 1223 1649 Leviticu,
1243 1600 1374 1642 ubide

60 1660 234 1703 decimis.

118 1728 306 1769 Decimus
326 1730 526 1783 accipiunt
554 1731 777 1781 morientes,
798 1730 836 1771 id
856 1736 928 1781 est,
948 1729 1127 1772 mortales
1142 1731 1371 1781 sacerdotes,

0 1782 14 1812 ἱ
61 1800 98 1835 et
117 1808 277 1846 quorum
297 1802 463 1837 mortem
498 1798 678 1851 exprimit
706 1796 769 1837 lex
796 1811 878 1852 quae
907 1795 986 1838 vult
1009 1797 1226 1839 sacerdotes
1249 1811 1374 1839 sacer-

0 1874 28 1910 Δγ,
61 1855 212 1897 dotibus
229 1857 451 1899 succedere.

116 1921 187 1960 Ibi
197 1928 346 1971 aulem,
366 1921 406 1963 id
429 1929 506 1973 est,
528 1924 568 1964 in
591 1921 761 1974 Genesi,
781 1923 847 1964 ubi
868 1923 916 1964 de
939 1921 1241 1966 Melchisedech.

119 1979 407 2027 Conse-statur...
424 1986 462 2027 id
485 1993 556 2038 est,
572 1986 790 2042 Scriptura,
813 1994 977 2028 mortem
996 1985 1285 2031 Melchisedech
1307 1994 1366 2032 si-

57 2050 174 2091 lentio
194 2056 324 2102 tegens
347 2057 386 2092 et
408 2051 458 2094 de
478 2053 558 2104 ejus
574 2056 719 2094 tantum
738 2050 815 2093 vita
833 2054 1072 2094 mentionem
1091 2051 1231 2095 faciens
1244 2085 1255 2103 ‚

124 2112 303 2152 Testatur
318 2115 409 2167 quia
427 2117 548 2157 vivit:
561 2116 704 2157 scilicet
729 2117 895 2165 tantum,
918 2114 957 2155 id
974 2122 1053 2165 est,
1075 2117 1180 2168 quasi
1201 2118 1367 2157 immor-

57 2177 169 2219 talem
188 2177 290 2218 illum
313 2177 493 2231 exhibet,
508 2181 663 2234 ejusque
679 2179 932 2221 sacerdotium
949 2180 1055 2235 quasi
1074 2187 1257 2223 aeternum
1270 2213 1280 2232 ‚
1299 2196 1366 2223 seu

53 2248 279 2296 perpetuum
303 2257 311 2281 :

15 2359 17 2362 Ι
112 2304 232 2359 Quasi
253 2307 395 2348 diceret
417 2323 425 2347 ε
449 2305 551 2359 Quia
570 2306 752 2352 Aaronici
771 2309 949 2351 mortales
973 2317 1012 2351 et
1029 2314 1264 2365 temporanei
1283 2319 1368 2354 tan-

52 2372 158 2418 tum,
179 2367 269 2412 hinc
287 2373 308 2411 a
323 2372 399 2411 suis
422 2373 689 2416 tantummodo
723 2376 1053 2431 contemporaneis
1089 2374 1257 2418 decimas
1297 2371 1368 2418 su‘-

57 2443 180 2481 munt.
