1474 2658
364 54 823 116 mmm-101
847 68 1092 127 θυμω-8111.
1286 71 1396 136 893

265 297 493 346 CAPUT
523 299 841 347 DECIMUM
871 300 1199 350 TERTIUM.

587 436 870 492 Pamphrasis.
888 448 894 453 “

67 531 122 608 P
121 581 402 613 mavi-:nnn
418 584 489 612 vos
506 572 672 614 invicem
687 603 699 623 ‚
724 579 764 615 ut
781 572 938 626 fratres,
961 572 1134 626 diligere.

122 640 215 687 Eta
237 643 416 693 consueta
436 644 687 700 hospitalitate
714 662 765 690 ne
786 650 962 701 cessetis,
990 648 1080 690 licet
1108 647 1159 688 ob
1187 647 1380 688 bonomm

65 715 281 753 vestrorum
297 713 469 766 rapinam
487 716 732 768 pauperiores
749 730 758 754 :
778 729 844 768 per
862 713 960 755 hanc
979 716 1085 756 enim
1103 714 1281 755 virtutem
1297 714 1382 767 qui-

65 774 155 830 dam
171 775 278 831 digni
295 775 449 819 suerunt
469 780 533 832 qui
552 781 773 832 exciperent
789 777 985 833 Angelos,
1006 781 1092 820 cum
1111 783 1287 833 putarent
1305 776 1379 819 ho·-

65 841 192 880 mines
213 843 359 881 tantum
383 840 551 896 hospitio
568 845 752 897 recipere.

121 900 317 947 Fratribus
330 936 343 958 ‚
363 908 426 961 qui
445 908 495 948 ob
516 905 655 949 Christi
672 908 790 950 fidem
808 915 894 950 sunt
911 909 949 949 in
967 906 1128 949 vinculis
1142 938 1154 959 ‚
1173 920 1222 948 eo
1238 905 1379 948 affectu

0 967 12 978 ’
26 1007 34 1014 .
64 973 408 1035 εοιῐιρεῑίιηῖιιί,,3ε
423 976 454 1014 si
478 989 548 1015 vos
568 976 638 1028 ipsi
659 989 746 1015 cum
769 976 824 1016 eis
851 977 983 1016 essetis
1003 977 1042 1015 in
1065 973 1248 1022 vinculis3
1273 975 1379 1025 imo,

65 1039 103 1075 et
115 1036 299 1078 omnibus
317 1052 562 1092 quocumque
581 1039 679 1080 malo
700 1039 883 1094 corporali
900 1042 1038 1094 pressis
1051 1041 1273 1091 succurrite,
1292 1052 1383 1079 me-

63 1113 194 1142 mores
211 1116 284 1143 vos
302 1105 340 1144 in
364 1118 475 1145 carne
496 1102 647 1144 infirma
665 1112 703 1146 et
723 1105 861 1146 iisdem
883 1105 991 1147 mali-s
1008 1106 1175 1146 obnoxia
1196 1103 1381 1146 habitare.

120 1163 324 1224 Coningai
344 1173 525 1214 connubii
550 1172 793 1215 honestatem
813 1176 852 1215 in
873 1174 1055 1216 omnibus
1077 1180 1256 1228 servent,
1279 1172 1378 1215 tho-

61 1244 224 1287 rumque
238 1234 446 1276 maritalem
468 1236 570 1277 nulio
589 1239 778 1291 spurcitiei
802 1252 944 1291 genere
961 1239 1249 1285 contaminent;
1269 1234 1377 1279 Deus

62 1295 169 1336 enim
186 1297 251 1349 qui
272 1295 522 1341 fornicatores
538 1302 690 1354 puniet,
707 1300 899 1343 adulteros
918 1301 1099 1354 judicabit
1114 1302 1303 1342 severius.

118 1385 263 1447 Absint
277 1392 325 1432 ab
338 1391 492 1433 avaritia
509 1406 635 1434 mores
649 1395 780 1443 vestri,
800 1400 943 1435 naturae
960 1394 1173 1435 necessaria
1188 1392 1377 1435 habentes

60 1453 100 1494 in
117 1457 313 1507 praesenti,
332 1459 498 1497 contenti
519 1463 655 1508 estote,
674 1464 711 1499 et
730 1458 779 1498 de
794 1456 916 1499 futuro
928 1457 1108 1499 confidite
1123 1458 1162 1498 in
1178 1454 1347 1498 Domino
1364 1472 1375 1497 ε

58 1521 143 1574 ipse
160 1520 272 1562 enim
288 1520 386 1562 dixit
405 1519 551 1573 Josue‚
582 1528 620 1563 et
643 1525 823 1563 omnibus
844 1524 916 1576 ipsi
935 1521 1255 1563 confidentibus:
1279 1520 1375 1563 Non

60 1591 98 1624 te
117 1585 315 1634 deseram,
340 1601 460 1640 neque
484 1587 763 1640 derelinquam.

118 1647 210 1690 Hoc
228 1652 355 1704 itaque
383 1649 461 1691 Dei
486 1653 674 1704 promisso
692 1650 800 1701 freti,
821 1623 1061 1691 confidenter
1090 1647 1259 1689 dicamus
1286 1663 1374 1692 cum

23 1768 26 1771 η
59 1713 260 1759 Psalmisia
289 1734 299 1757 :
330 1719 499 1758 Domina
479 1734 522 1758 ns
545 1719 646 1758 miln
668 1718 853 1777 ddjulor,
883 1716 975 1759 hinc
1003 1731 1082 1757 non
1113 1717 1254 1757 timebo
1282 1718 1377 1771 quid

59 1778 311 1834 mibiflzciat
329 1782 458 1823 homo.

111 1844 311 1893 Memores
327 1855 449 1890 estote
460 1850 668 1890 antistitum
689 1855 921 1899 vestrorum,
937 1848 1112 1902 quivobis
1127 1847 1217 1890 fidei
1233 1847 1374 1890 doctri·

57 1912 1253 1969 namtradideriint33nimisquevestrisrevolventessanctitatem
1262 1928 1375 1968 quam

57 1975 98 2016 in
106 1975 374 2029 omniquidem
386 1977 476 2026 vita,
487 1985 522 2018 at
537 1981 746 2031 praesertim
762 1979 930 2018 inmorte
937 1975 1106 2026 exhibue
1117 1984 1215 2028 runt,
1226 1976 1373 2019 illorum

58 2039 183 2082 infide
194 2043 442 2082 constantiam
456 2044 758 2096 subsequamini,
770 2049 810 2083 ut
824 2042 934 2082 vobis
944 2043 1065 2096 sitpar
1075 2048 1110 2082 et
1120 2043 1196 2082 vita
1206 2048 1244 2083 et
1253 2056 1373 2085 mors.

29 2159 35 2165 ι
113 2102 232 2147 Jesus
267 2102 445 2148 Christus
464 2122 618 2162 semper
650 2107 754 2148 idem
774 2114 857 2156 est;
876 2107 997 2162 qualis
1016 2105 1086 2147 suit
1119 2105 1201 2148 heri
1217 2136 1230 2158 ,
1261 2114 1372 2149 tem-

56 2185 151 2226 pore
164 2174 370 2226 praeterito,
387 2171 468 2212 talis
483 2179 540 2213 est
556 2172 686 2214 hodie.
699 2175 737 2213 in
754 2174 952 2227 praesenti,
965 2178 1002 2214 et
1015 2170 1096 2212 talis
1111 2185 1265 2226 semper
1279 2175 1366 2214 erit:

57 2253 150 2292 ergo
168 2245 205 2280 et
223 2238 358 2279 eadem
378 2252 461 2279 esse
482 2238 595 2279 debet
619 2239 667 2280 de
686 2236 840 2280 Christo
859 2239 1030 2280 doctrina
1046 2245 1082 2279 et
1100 2237 1214 2279 fides.

113 2304 159 2347 In
178 2306 374 2360 evangetio
394 2308 518 2361 itaque
529 2308 641 2348 vobis
661 2307 868 2362 praedicato
879 2308 1068 2363 persistite
1082 2306 1197 2355 firmi,
1218 2313 1256 2348 et
1273 2306 1368 2348 doc-

55 2371 167 2412 trinis
181 2370 448 2412 haereticorum
467 2373 580 2413 variis
603 2378 640 2414 et
661 2375 852 2422 extraneis
870 2387 923 2415 ne
942 2371 1275 2421 circumferamini,
1291 2370 1367 2413 huc

54 2442 92 2478 et
110 2433 433 2478 iliucfluctuantes.
