1474 2658
54 124 63 133 .
83 66 180 130 296>
469 72 686 112 tms‘romz
715 82 774 114 tm
803 64 1018 115 mamus
1357 118 1368 128 ,

81 146 168 188 licet
194 144 366 187 divinam
391 141 601 195 ultionem,
635 152 857 186 recusantes
881 160 994 195 eum3
1025 143 1066 187 id
1092 140 1404 201 esthngetnm

82 211 151 267 qui
167 224 282 263 super
303 216 447 255 terram
471 208 511 248 in
530 214 663 250 monte
685 207 778 253 Sina
805 212 898 262 ipsis
920 205 1183 265 loquebatur.³

137 274 268 315 Multo
288 273 414 326 magis
423 289 436 322 ,·
464 271 624 327 supple,
651 288 731 316 non
755 273 1006 328 effugiemus,
1033 289 1102 317 seu
1127 273 1249 318 mutto
1274 277 1402 320 minus

82 341 307 397 effugiemus
333 339 573 395 supplicium.

135 409 247 459 Nos,
271 407 484 457 christiani,
507 407 572 460 qui
593 404 788 450 Christum
806 410 854 450 de
873 410 1003 460 coelt's,
1026 410 1094 452 ubi
1112 417 1270 464 regnat,
1289 411 1402 453 nobis

78 475 293 530 loquentem
308 503 322 523 ,
349 471 580 521 avertimus,
602 471 642 513 id
663 479 742 525 est,
765 473 981 528 repellimus
995 504 1006 525 ‚
1030 476 1111 528 ejus
1128 474 1342 518 doctrinam
1359 481 1402 518 et

83 540 262 583 mandata
284 546 524 593 respuentes-

135 603 183 648 In
203 603 344 648 Graeco
366 612 425 647 est
448 607 607 646 tantum.
630 605 716 646 Nos
737 606 848 648 illum
867 608 915 647 de
937 607 1044 648 coelis
1063 607 1274 649 aduersati.

138 666 313 711 Christus
334 668 446 708 nobis
468 667 516 708 de
535 668 631 709 coelo
650 668 814 723 loquitur
831 683 899 724 per
920 667 1175 724 Evangetium
1189 701 1202 723 ‚
1222 683 1295 725 per
1310 682 1402 711 suos

75 731 225 787 legatos
242 738 280 772 et
299 732 492 773 ministros
507 762 518 778 ,
540 744 608 784 per
628 732 802 774 miracula
816 763 828 785 ‚
849 748 917 788 per
932 735 1100 776 internas
1120 734 1402 790 inspiratione&

137 799 193 854 ss.
214 798 292 849 26,
319 798 463 853 anttS,
485 799 525 841 id
541 807 622 851 est,
644 797 783 842 Christi
806 808 846 843 ut
868 800 971 854 Dei,
994 818 1075 845 vox
1093 805 1209 844 movit
1225 809 1396 850 terr-om,

79 874 174 909 tunc
197 867 340 909 scilicet
363 870 450 907 cum
470 866 620 908 daretur
639 867 700 909 lex
723 870 759 908 in
783 874 915 911 monte
938 866 1042 912 Sina.

139 933 262 974 Nunc
281 939 434 981 autem,
464 932 502 973 id
527 939 607 982 est,
638 947 705 986 pro
729 939 904 987 tempore
927 937 1020 977 novi
1043 933 1301 977 Testamenti.

143 999 405 1051 Repromittit.
422 995 490 1038 Gr.
506 997 763 1049 denuntiavit,
787 999 826 1039 id
842 1005 914 1050 est,
934 1000 1106 1052 promisit
1123 1013 1192 1053 per
1209 996 1401 1052 Aggaeum

79 1062 323 1118 prophetam,
343 1063 490 1112 dicens,
517 1063 659 1104 Adhuc
671 1065 803 1114 semel,
825 1071 863 1104 et
873 1079 950 1105 non
966 1061 1058 1106 Sina
1078 1066 1232 1106 tantum
1254 1071 1292 1105 et
1311 1071 1399 1105 ter·-

87 1144 190 1178 ram,
212 1129 281 1169 sed
303 1130 442 1168 coelum
466 1129 634 1169 movebo.

139 1193 190 1236 D.
210 1192 350 1235 Paulus
362 1226 373 1245 ‚
395 1209 463 1249 pro
485 1209 554 1235 suo
571 1208 678 1235 more
696 1193 941 1250 Septuaginta
957 1196 1140 1253 sequitur.

140 1259 258 1303 Juxta
277 1260 491 1303 Hebraeum
506 1259 557 1303 D.
579 1259 847 1318 Hieronymus
863 1264 999 1313 vertit,
1018 1262 1151 1302 adhuc
1163 1275 1288 1302 unum
1308 1277 1399 1303 mo-

6 1323 23 1343 ²
83 1328 237 1378 ascum,
263 1328 302 1370 id
320 1335 401 1379 est,
427 1327 552 1369 adhuc
577 1337 697 1368 unum
718 1335 893 1382 tempus,
924 1335 962 1371 et
988 1329 1147 1384 quidem
1167 1328 1395 1380 modicum,

83 1401 122 1434 ct
144 1395 411 1444 commovebo,
437 1402 512 1437 etc.

143 1457 354 1502 Diversitas
378 1467 434 1502 est
459 1463 500 1503 in
518 1459 755 1516 explicandis
774 1461 840 1502 hic
863 1458 1001 1515 Aggaei
1019 1461 1164 1503 verbis.

139 1521 310 1580 Aggaeus
344 1528 447 1567 enim
481 1525 645 1580 loquitur
673 1526 722 1567 de
755 1527 877 1580 primo
907 1522 1050 1577 Chsisti
1081 1524 1270 1571 adventu;
1308 1522 1400 1567 hinc

83 1589 188 1632 multi
207 1598 377 1632 mentem
395 1587 573 1644 Apostoli
595 1590 660 1632 hic
680 1591 727 1632 de
749 1590 888 1632 eodem
905 1590 1074 1632 adventu
1094 1588 1298 1643 explicant.

142 1652 197 1696 At
224 1655 463 1696 verisimilius
489 1660 546 1696 est
574 1652 806 1709 Apostolum
832 1654 897 1696 hic
921 1654 1024 1708 loqui
1062 1652 1112 1694 de
1137 1651 1399 1694 commotione
1453 1666 1457 1672 ·

84 1717 206 1761 futura
226 1722 265 1761 in
289 1721 428 1772 judicio
445 1720 638 1774 generali,
660 1735 726 1762 seu
744 1723 785 1761 in
804 1720 974 1762 secundo
993 1719 1163 1761 adventu
1183 1715 1341 1759 Christi.

142 1782 228 1825 Nec
248 1786 383 1825 mirum
406 1790 463 1825 est
485 1783 587 1838 quod
607 1798 673 1837 per
698 1784 1093 1825 accommodationem
1108 1813 1121 1834 ‚
1140 1797 1208 1824 seu
1227 1796 1296 1837 per
1320 1795 1398 1824 ex-

84 1851 299 1890 tensionem
317 1881 326 1901 ,
346 1849 514 1891 secundo
535 1846 675 1890 Christi
690 1849 871 1891 adventui
889 1849 1052 1905 applicet
1068 1846 1278 1903 Apostolus
1296 1848 1398 1904 quod
1437 1884 1439 1886 .

86 1913 271 1969 propheta
290 1914 337 1955 de
359 1916 480 1970 primo
501 1913 618 1964 dixit,
644 1917 730 1954 cum
754 1912 963 1955 exhortans
977 1944 988 1965 ‚
1013 1927 1094 1955 non
1115 1912 1310 1968 disputans
1332 1912 1398 1954 hle

84 1984 184 2029 agat.

140 2039 299 2084 Duabus
315 2043 426 2096 igitur
440 2043 647 2084 rationibus
662 2044 777 2083 utitur
789 2073 801 2095 ,
816 2049 858 2084 ut
874 2040 1069 2084 Hebraeos
1084 2044 1226 2084 excitet
1241 2040 1290 2083 ad
1305 2041 1398 2083 obe·

83 2102 267 2146 diendum
285 2102 451 2147 Christo.
472 2103 605 2147 Prima
624 2108 782 2147 sumitur
801 2120 850 2147 ex
871 2108 1070 2162 punitione
1086 2120 1220 2148 eorum
1242 2104 1397 2160 quilegi

11 2190 18 2197 ·
83 2165 263 2211 Mosaicae
281 2184 360 2211 non
378 2171 628 2220 obedierunt,
656 2171 822 2213 secunda
841 2186 891 2214 ex
909 2173 1032 2226 rigore
1057 2171 1185 2223 judicii
1205 2169 1333 2212 futuri.

144 2232 265 2287 Quasi
277 2234 421 2276 diceret
437 2251 447 2275 ι
465 2233 605 2279 Videte
622 2251 671 2278 ne
686 2238 866 2278 recusetis
885 2236 1082 2279 Christum
1097 2237 1210 2279 vobis
1227 2235 1396 2289 loquen-

77 2311 179 2351 tem,
196 2300 362 2354 alioquin
379 2314 458 2341 non
477 2302 646 2343 evadetis
665 2315 797 2357 poenas
814 2302 862 2343 ab
882 2315 930 2343 eo
949 2308 1129 2356 tanquam
1147 2301 1271 2356 judice
1292 2299 1394 2341 infli-

78 2365 240 2420 gendes,

136 2428 193 2482 ff.
213 2444 282 2487 27.
311 2430 430 2486 Quod
443 2439 576 2476 antem
600 2430 748 2472 Adhuc
767 2432 888 2472 semel
908 2432 1017 2473 dicit.
1041 2427 1111 2474 Gr.
1128 2427 1218 2472 illud
1239 2435 1392 2481 aulem,
