1474 2658
121 82 208 129 308
336 66 371 106 s·
446 126 450 130 ,
499 91 758 124 semrom>
779 93 840 124 An
868 90 1074 124 assumes
1123 110 1128 117 ·

484 249 799 292 Commentarius
819 251 861 291 in
892 245 991 304 Cap.
1014 247 1083 293 ‘13-

297 322 314 344 Ἰ
1162 334 1165 336 .

131 352 182 404 Ῠ.
201 374 239 400 1.
258 319 512 398 (aflAanAs
527 352 806 404 fraternitatis.
827 352 898 397 Gr.
922 349 1186 413 Q12.otJ*e7.an2.-
1215 353 1218 357 ’

183 421 230 467 Id
250 428 323 473 est,
342 421 502 463 charitas
522 419 697 472 fraterna,
713 435 780 462 seu
798 435 905 462 amor
924 420 1126 470 fraternus,
1146 434 1255 462 amor
1269 419 1439 463 fratrum.

186 489 372 539 Maneat,
398 488 437 528 in
456 499 603 540 graeco,
626 500 706 527 non
725 492 782 526 est
806 486 846 525 t'n
871 486 996 526 vobis.
1023 481 1142 539 Syrus
1163 491 1293 527 tamen
1310 483 1442 527 habet.

186 552 233 596 Id
256 560 336 604 est,
361 559 603 607 perseverate
624 550 845 593 in‘fraternti
866 550 1075 604 charitate,
1092 563 1160 593 seu
1181 565 1253 593 vos
1270 552 1441 593 invicem

128 617 322 664 utstatres
342 615 517 670 diligere.

188 677 236 728 fi.
262 699 300 724 2.
326 682 380 722 Et
399 680 706 736 hospitalitatem
723 679 841 720 nolite
855 679 1039 722 oblioisci.
1057 676 1147 734 Syr.
1172 686 1212 721 et
1229 677 1441 735 dilectionis

131 748 420 803 peregrinorum
435 761 485 787 ne
507 747 587 787 sitis
612 748 872 787 immemores.

189 813 237 858 Id
260 821 334 866 est,
354 821 391 857 et
415 816 437 856 ὲ
461 821 644 855 consueto
661 812 924 868 hospitalitatis
945 812 1072 857 officio
1092 827 1144 856 ne
1162 815 1331 865 cessetis,
1355 812 1443 856 licet

130 883 379 937 pauperiores
398 879 544 922 effecti.

188 945 268 987 Per
282 946 388 986 hanc
407 945 510 985 cm'm
527 945 785 993 lammam...
803 940 855 984 id'
871 950 955 995 est,
982 958 1048 998 per
1066 943 1166 986 hanc
1188 945 1292 984 enim
1310 944 1439 985 virtu-

129 1018 209 1053 tem
227 1010 380 1067 quidam
392 1042 404 1062 ‚
426 1012 643 1051 nescientes
657 1039 668 1060 ‚
690 1016 927 1062 exceperunt
944 1006 1116 1063 Angelos
1128 1026 1147 1058 ;Δ
1159 1024 1245 1060 seu,
1261 1012 1349 1051 crim
1369 1023 1442 1065 pu-

131 1084 254 1120 tarent
273 1077 452 1118 homines
467 1076 637 1130 hospitio
662 1077 830 1129 recipere
844 1105 857 1127 ‚
878 1072 1054 1130 Angelos
1072 1083 1322 1132 exceperunt.
1347 1103 1358 1109 -

185 1140 452 1195 Respiciantur
474 1139 641 1180 iiistoriae
658 1137 803 1181 Genes.
826 1140 891 1183 18.
925 1157 947 1182 2
970 1148 1008 1182 et
1037 1155 1102 1196 ¹9·
1138 1157 1155 1182 1
1174 1171 1186 1193 ‚
1211 1142 1277 1183 ubi
1299 1138 1436 1184 Abra-

128 1205 217 1247 ham
236 1213 273 1248 et
290 1203 394 1247 Loth
415 1211 649 1259 exceperunt
677 1203 848 1260 Angelos
867 1204 1048 1259 hospitio,

189 1269 260 1313 Gr.
281 1271 464 1312 latuerunt.
493 1272 729 1326 excipientes
759 1267 957 1325 Angelos:
979 1277 1036 1312 est
1064 1270 1203 1313 locutio
1220 1285 1342 1325 graeca
1370 1270 1439 1325 pro
1465 1309 1473 1321 Ι

127 1338 262 1388 inscii,
285 1343 323 1378 et
346 1337 563 1377 nescientes
585 1342 848 1388 exceperunt:
874 1338 969 1378 sicut
988 1336 1143 1388 dicunt,
1173 1335 1271 1379 lateo
1295 1351 1438 1380 senes-

127 1408 246 1453 cens,
273 1401 311 1442 id
332 1406 410 1451 est,
441 1401 580 1440 inscius
605 1407 642 1441 et
672 1415 751 1441 non
772 1402 943 1442 sentiens
973 1415 1150 1443 senesce.

187 1465 279 1508 Hoc
299 1467 401 1508 bene
431 1462 576 1519 Syrus:
600 1479 668 1518 per
688 1465 789 1506 hanc
814 1467 918 1506 enim
950 1466 1055 1519 digni
1073 1465 1226 1508 suerunt
1255 1466 1436 1521 quidam,

129 1534 302 1589 quamvis
320 1546 400 1572 non
422 1532 633 1572 sentientes
649 1562 660 1582 ‚
682 1533 745 1585 qui
765 1533 986 1584 exciperent
1005 1527 1191 1586 Angelos.

183 1596 284 1641 Nota
305 1595 409 1651 quod
425 1594 530 1636 nefas
548 1601 627 1636 erat
647 1592 871 1637 Christianis
894 1595 994 1650 apud
1015 1592 1192 1638 Gentiles
1213 1596 1433 1645 divertere3

126 1662 195 1705 sed
225 1665 265 1704 in
288 1664 556 1715 episcoporum
581 1659 760 1701 domibus
781 1662 1071 1716 excipiebantur
1098 1669 1136 1703 et
1162 1664 1183 1702 ὲ
1214 1661 1341 1704 viduis
1363 1675 1436 1704 cu—

126 1726 316 1767 rabantur.

183 1789 292 1832 Hinc
317 1787 368 1831 D.
392 1785 532 1829 Paulus
547 1789 678 1841 primae
697 1788 744 1829 ad
767 1786 945 1830 Timoth.
967 1787 994 1829 3
1009 1821 1021 1841 ‚
1045 1796 1084 1832 et
1103 1790 1150 1832 ad
1173 1789 1254 1832 Tit.
1277 1807 1315 1844 1,
1334 1790 1435 1834 hos-

53 1909 64 1913 ·
125 1856 345 1912 pitalitatem
363 1856 460 1895 inter
482 1855 649 1909 episcopi
669 1856 827 1895 virtutes
844 1862 1033 1898 recenset.

180 1922 233 1966 Et
253 1923 302 1965 de
330 1922 456 1963 viduis
476 1923 608 1976 primae
628 1919 806 1963 Timoth.
836 1923 877 1964 5.
911 1938 976 1964 10.
996 1923 1044 1963 Si
1065 1931 1289 1965 sanctorum
1314 1926 1434 1978 pedes

124 1989 231 2030 Iaoi't.
289 2029 294 2033 .

181 2050 274 2095 Erat
293 2050 393 2104 apud
411 2047 647 2091 Christianos
664 2056 807 2091 tessera
827 2049 1092 2105 hospitalitatis
1105 2082 1116 2102 ‚
1143 2058 1217 2094 etc.

181 2117 262 2160 Hic
278 2131 366 2158 mos
388 2114 514 2157 afihue
532 2117 683 2169 vigebat
703 2129 806 2156 anno
832 2131 941 2158 1020
960 2135 969 2166 ς
995 2116 1077 2159 haec
1095 2118 1185 2160 vide
1205 2119 1307 2175 apud
1325 2117 1432 2163 Cor-

124 2184 267 2228 nelium
286 2185 306 2222 ὲ
326 2180 476 2236 Lapide
494 2179 573 2221 hie.

154 2290 158 2294 ,
182 2248 240 2303 §ff-
260 2248 302 2290 3.
319 2247 552 2287 Mementote
569 2247 789 2288 vinctorum
813 2253 1048 2302 tanquam...
1064 2247 1110 2289 *id
1129 2255 1203 2301 est,
1223 2262 1271 2290 eo
1291 2247 1429 2292 affecta

122 2314 379 2370 compatimini
398 2311 572 2353 fratribus
593 2313 655 2365 qui
679 2309 819 2353 Christi
840 2311 949 2353 causi}
969 2320 1055 2355 sunt
1071 2317 1111 2356 in
1130 2314 1289 2356 vinculis
1304 2345 1314 2365 ‚
1335 2330 1380 2358 ac
1396 2319 1429 2359 si

119 2393 205 2423 cum
235 2379 290 2420 eis
321 2377 455 2418 essetis
491 2375 627 2417 iisdem
658 2375 820 2417 vinculis
851 2377 1094 2431 corporaliter
1127 2379 1246 2421 vincti
1264 2394 1274 2420 ε
1295 2380 1429 2434 eisque

119 2443 344 2494 subvenite,
374 2441 468 2482 sicut
485 2440 597 2481 vobis
623 2440 818 2482 subveniri
838 2439 1000 2484 velletis.
