1474 2658
107 95 109 98 Α
134 57 229 103 322
479 81 482 85 1
521 72 753 104 nnis-‘roam
764 73 827 106 Αυ
851 73 1057 130 uersuros
1098 89 1100 91 >

206 133 393 175 Hostiam
422 134 554 176 laudis
580 131 669 177 Deo
699 138 791 179 vere
816 135 970 225 dignam
985 166 998 189 ,
1024 138 1235 206 gratim
1255 135 1469 185 actionem,

134 196 231 241 Deo
249 201 589 253 proportionatam.

199 261 278 305 Per
301 267 453 318 ipsum,
475 278 563 306 cum
590 266 675 319 ipso
705 271 744 306 et
768 266 808 306 in
838 267 922 320 ipso
953 264 1163 308 offeramus
1178 263 1273 309 Deo
1297 279 1451 320 semper

132 323 304 382 Agrium
321 326 422 380 Dei,
442 334 623 384 tanquam
641 331 833 381 occisum,
855 343 986 371 coram
1004 329 1147 372 throno
1159 327 1242 373 Dei
1259 337 1448 412 stantem,

130 397 184 434 et
209 406 296 436 sese
325 392 374 434 ad
401 400 586 436 aeternam
609 383 682 436 Dei
714 394 872 448 gloriam
901 393 1160 442 offerentem.

203 460 391 500 Hostiam
410 460 567 501 laudits
588 458 720 503 Deum
739 474 827 503 cum
845 463 985 504 sanctis
1008 462 1187 504 omnibus
1217 460 1333 516 digne
1363 460 1449 502 lau-

134 524 268 568 datin
294 532 495 568 aeternum.

201 584 310 644 Elige
332 590 436 644 quod
460 605 511 633 ex
537 591 598 633 his
621 593 742 634 tribus
760 591 936 634 altaribus
956 591 1131 634 malueris
1147 599 1214 640 32at
1236 604 1288 633 ne
1314 601 1452 633 'cessa-

102 666 103 669 '
134 656 247 697 weris
263 670 430 711 unquam
443 688 456 709 ,
473 671 547 699 nec
566 660 606 699 in
622 657 700 700 vita
713 688 724 708 ,
751 673 823 700 nec
840 661 880 700 in
894 666 1020 700 morte
1031 687 1044 709 ,
1065 671 1140 700 nec
1158 659 1197 699 in
1213 658 1423 699 aeternitate
1436 687 1447 707 ‚

133 733 261 771 super
286 735 406 763 unum
420 729 482 763 aut
502 722 662 764 alterum
682 721 862 765 Hostiam
880 723 999 765 laudis
1020 721 1106 765 Deo
1127 730 1280 778 semper
1298 721 1451 765 offerre.

205 783 273 828 Ad
300 785 375 839 hoc
399 784 515 829 Pater
546 785 729 830 AEternus
749 785 891 829 Filium
921 802 1054 838 suum,
1078 790 1119 829 in
1141 801 1216 844 quo
1250 788 1324 829 sibi
1351 787 1454 829 bene

135 851 373 905 complacuit
390 853 439 893 ab
457 859 624 904 aeterno,
642 855 712 895 tibi
729 854 836 896 dedit
854 857 893 895 iu
913 860 1087 909 tempore
1102 883 1113 905 ‚
1143 859 1184 895 ut
1202 853 1307 894 illum
1330 854 1367 895 ei
1383 851 1455 894 of-

138 914 245 957 feras
262 931 414 969 semper
431 918 620 958 Hostiam
634 919 778 961 laudis.

203 978 272 1024 Ad
294 983 370 1025 hoc
396 981 514 1025 Filius
542 983 619 1025 Dei
640 986 879 1039 unigenitus,
907 983 1092 1038 splendor
1107 990 1146 1026 et
1169 982 1286 1038 gloria
1300 979 1450 1034 Patris,

135 1059 188 1087 se
214 1051 337 1087 totum
363 1047 433 1088 tibi
456 1047 586 1099 dedit,
609 1062 727 1102 seque
757 1055 861 1089 tuum
886 1055 1010 1089 totum
1031 1047 1120 1091 fecit
1135 1049 1176 1089 in
1197 1049 1455 1089 incarnatione

132 1111 191 1152 <ef
210 1113 249 1153 in
280 1114 550 1155 incarnationis
579 1115 831 1164 extensione,
859 1113 1100 1156 sanctissima
1120 1111 1380 1166 Eucharistia,
1414 1119 1456 1154 ut

136 1173 251 1216 illum
273 1172 362 1216 Deo
380 1191 530 1229 semper
544 1174 693 1230 offeras
713 1178 900 1218 Hostiam
923 1177 1068 1223 laudis.

196 1237 267 1282 Tu
287 1240 382 1282 nihil
401 1255 465 1295 es,-
491 1241 585 1283 nihil
601 1242 727 1296 vales,
749 1243 845 1285 nihil
861 1251 993 1298 potes,
1016 1241 1116 1285 male
1132 1239 1222 1283 Deo
1232 1242 1369 1282 servis.

199 1303 352 1348 Exiens
371 1322 461 1362 ergo
479 1312 500 1350 a
514 1312 741 1364 temetipso,
757 1313 779 1351 a
796 1318 862 1353 tuo
883 1310 1003 1353 nihilo
1027 1307 1269 1361 omnimodo,
1287 1305 1458 1350 adirief-

136 1370 260 1413 fabile
283 1369 357 1413 Dei
383 1372 529 1413 donum
565 1375 705 1416 accede
719 1406 731 1425 ,
751 1375 841 1416 illud
856 1390 942 1417 curn
961 1370 1178 1416 reverentia
1191 1375 1320 1428 recipe
1334 1402 1347 1424 ,
1362 1371 1458 1414 illo-

114 1465 115 1468 *
134 1450 222 1491 que
244 1437 348 1488 juxta
369 1435 442 1479 Dei
464 1438 750 1493 beneplacitum
770 1447 891 1482 utere.

203 1500 303 1541 Fide
333 1501 444 1553 igitur
473 1506 510 1541 et
537 1501 719 1542 charitate
751 1499 929 1552 Christo,
952 1513 1103 1541 summo
1130 1499 1327 1553 pontifici,
1355 1500 1463 1540 unire

139 1563 381 1618 frequenter,
403 1572 443 1606 et
459 1567 489 1606 si
507 1565 589 1606 fieri
605 1572 755 1619 potest,
776 1567 984 1613 continue3
1006 1578 1078 1618 per
1097 1564 1224 1615 illurn,
1239 1577 1326 1605 cum
1342 1562 1404 1604 illo
1423 1570 1463 1605 et

139 1631 188 1670 in
205 1629 287 1679 illo,
307 1628 403 1671 offer
422 1627 514 1671 Deo
535 1645 685 1684 semper
701 1631 888 1671 Hostiam
907 1630 1062 1680 laudis,
1083 1627 1172 1672 Deo
1193 1630 1347 1684 dignam
1360 1659 1372 1681 ‚
1394 1630 1461 1670 in-

139 1693 294 1735 finitam
309 1724 320 1744 ,
349 1692 438 1735 Deo
460 1698 810 1748 proportionatam3

201 1755 321 1799 Offer
346 1755 543 1799 Christum
564 1760 713 1814 ipsum,
751 1758 1000 1812 splendorem
1027 1755 1177 1809 Patris,
1199 1756 1247 1798 ad
1267 1753 1341 1799 Dei
1368 1757 1461 1813 glo-

140 1835 268 1870 uam,
261 1839 269 1847 ·

202 1882 320 1927 Offer
338 1883 557 1937 Christum,
584 1883 887 1937 Eucharistiam,
902 1885 948 1926 ad
961 1886 1163 1940 gratiarum
1185 1886 1400 1935 actionem;

199 1945 323 1990 offer
340 1946 533 1991 Christum
549 1980 561 2001 ,
581 1947 739 2003 Agnum
756 1947 832 1990 Dei
852 1948 1050 1990 tollentem
1066 1954 1221 2002 peccata
1236 1948 1390 2002 mundi,
1411 1948 1460 1990 ad

141 2020 393 2067 peccatorum
409 2016 703 2062 remissionem;

206 2075 321 2120 Offer
344 2075 563 2132 Christum,
587 2080 733 2121 donum
750 2079 939 2126 donorum
965 2076 1064 2131 Dei,
1095 2079 1144 2121 ad
1161 2079 1362 2134 gratiarum
1378 2079 1458 2121 ob-

143 2148 316 2185 tentum.

207 2204 311 2250 Vide
329 2206 566 2250 corollarium
580 2209 729 2262 pietatis
747 2210 786 2249 in
806 2207 883 2251 fine
899 2209 1031 2263 capitis
1048 2209 1156 2249 noni.

206 2272 377 2317 Ulterius
389 2289 504 2329 perge
517 2306 527 2325 ,
551 2282 591 2317 et
607 2278 852 2328 temetipsum
869 2276 961 2318 huic
980 2273 1157 2317 Victimae
1172 2304 1183 2325 ,
1202 2271 1293 2314 Deo
1315 2272 1460 2328 dignae,

143 2340 338 2394 iungens,
359 2339 518 2381 nihilum
542 2347 650 2382 tuum
667 2339 765 2383 osser
786 2339 871 2383 Deo
889 2355 976 2383 cum
1000 2339 1063 2383 illo
1081 2339 1272 2382 donorum
1290 2337 1395 2380 dono
1418 2339 1460 2378 in

145 2421 225 2461 quo
242 2413 336 2448 sunt
348 2421 480 2448 omnes
498 2407 693 2458 thesauri,
719 2415 794 2451 etc.
