1430 2658
354 99 542 136 rumcnx
570 95 809 133 εκνοειτιο.
838 83 939 139 Cap.
961 78 1073 126 Vll.
1208 60 1213 67 ”
1283 98 1364 141 129

55 223 1368 258 W*

233 302 238 309 ’
384 326 608 375 CAPUT
639 323 1007 374 summum.

554 469 836 524 Pamphmsis.

45 568 169 648 Hoc
182 606 339 648 tandem
355 603 494 648 Christi
508 606 761 649 sacerdotium
777 604 987 648 secundum
1002 604 1176 646 ordinem
1188 600 1355 646 Melchi-

43 670 191 713 sedech
222 672 422 726 aggredior
453 672 642 726 explicare
670 672 808 723 vobis,
833 685 876 712 ac
905 672 1029 724 primo
1063 667 1350 712 Melchisedech

41 733 243 778 historiam
261 737 432 779 breviter
464 736 603 779 resero,
623 734 700 778 Hic
721 737 831 789 igitur
847 733 1138 781 Melchisedech
1176 749 1246 776 rex
1276 741 1355 777 erat.

41 800 203 842 civitatis
220 799 331 846 dictae
353 798 478 842 Salem
494 831 506 853 ‚
537 799 711 857 pontifex
730 798 810 841 Dei
829 801 969 840 summi
986 829 996 848 ‚
1021 800 1085 852 qui
1104 795 1329 841 Abrahamo
1343 830 1355 850 ‚

40 867 63 905 a
77 864 188 924 caede
213 879 345 920 regum
365 867 597 916 revertenti,
619 865 775 906 obviam
808 866 916 906 venit
939 866 977 905 in
997 865 1145 918 signum
1163 865 1353 915 amicitiae,

40 929 154 984 eique
176 943 284 972 more
303 930 547 973 sacerdotum
569 930 783 972 benedixit.

97 989 173 1036 Cui
202 995 316 1036 etiam
345 990 543 1036 Abraham
573 994 623 1036 de
652 996 758 1035 omni
794 990 921 1050 praedzi
950 990 1017 1034 sua
1059 992 1226 1036 decimas
1245 994 1355 1036 dedit

42 1054 286 1111 (allegoriam
324 1071 428 1100 nunc
454 1058 676 1113 intelligite,
703 1066 740 1100 et
770 1061 808 1100 in
839 1056 1130 1100 Melchisedech
1161 1057 1356 1102 Christum

40 1123 238 1175 agnoscite
252 1119 285 1174 ).

98 1182 256 1238 Primo,
295 1183 459 1229 Melchis
513 1187 585 1230 ech
605 1189 707 1231 idem
728 1194 806 1239 est,
849 1189 955 1241 juxta
982 1190 1148 1230 nominis
1173 1194 1359 1245 etymon,

39 1265 84 1294 ac
104 1264 175 1293 rex
198 1252 352 1304 justitioe
385 1252 516 1307 (quod
536 1252 690 1296 Christo
711 1253 880 1308 perfecte
903 1256 1111 1307 convenit,
1143 1257 1228 1309 ipse
1250 1258 1355 1299 enim

40 1327 201 1370 regnum
225 1316 382 1367 iustitiae
399 1318 565 1369 statuit).

96 1379 254 1424 Deinde
284 1397 356 1426 rex
377 1391 435 1426 est
455 1382 608 1436 Salem,
636 1398 703 1425 seu
734 1399 806 1427 rex
835 1387 937 1440 pacis
964 1402 972 1427 :
1003 1383 1178 1429 Christus
1208 1400 1279 1428 rex
1297 1395 1355 1429 est

39 1445 232 1503 pacificus.

97 1509 258 1563 Tertio,
279 1512 416 1555 dicitur
432 1516 516 1556 sine
536 1522 642 1570 patre
655 1547 666 1567 ‚
687 1518 771 1558 sinc
791 1524 934 1558 matre:
958 1513 1133 1558 Christus
1149 1524 1295 1573 patrem
1315 1519 1355 1560 in

0 1581 2 1583 '
38 1578 146 1618 terris
170 1591 250 1619 non
269 1576 387 1620 habet
402 1609 415 1630 ‚
433 1594 507 1621 nec
521 1588 686 1622 matrem
710 1584 746 1621 in
764 1582 882 1624 coelis.

94 1638 272 1695 Quarto,
307 1645 391 1685 sine
412 1644 634 1705 genealogia
666 1645 829 1688 dicitur:
856 1644 998 1688 Christi
1029 1652 1158 1690 autem
1190 1663 1352 1703 genera-

36 1705 185 1746 tionem
206 1706 289 1758 quis
311 1708 531 1750 enarrabit?

95 1763 268 1819 Quinto,
292 1768 428 1812 dicitur
445 1786 572 1827 neque
604 1774 751 1814 initium
774 1772 919 1814 dierum
934 1806 945 1825 ‚
975 1789 1102 1828 neque
1121 1776 1241 1818 linem
1260 1778 1354 1818 vitm

37 1833 186 1881 habens
204 1850 214 1876 :
236 1832 409 1879 Christus
428 1852 500 1889 nec
521 1849 604 1881 csse
623 1842 737 1894 coepit
754 1871 765 1891 ‚
792 1853 864 1881 nec
883 1854 968 1881 esse
986 1840 1147 1884 desinet.

93 1898 381 1950 Melchisedech
412 1918 504 1958 ergo
525 1900 568 1946 in
600 1903 659 1945 his
685 1906 866 1946 omnibus
892 1903 968 1947 Dei
988 1908 1150 1959 gestavit
1169 1897 1353 1947 similitu·

37 1966 196 2015 dinem;
743 1969 751 1975 “

26 2081 32 2084 ,
93 2026 151 2072 At
169 2034 376 2085 praesertim
395 2040 578 2076 aeternum
596 2034 692 2076 illius
706 2035 993 2088 repraesentavit
1011 2033 1268 2075 sacerdotium
1283 2063 1295 2084 ‚
1313 2035 1354 2074 in

39 2095 115 2138 hoc
133 2097 236 2151 quod
259 2100 297 2139 in
318 2095 522 2154 Scripturis
549 2101 803 2142 sacerdotium
833 2098 1128 2142 Melchisedech
1152 2097 1359 2141 exhibetur

36 2162 143 2215 quasi
163 2169 409 2215 perpetuum.

91 2239 210 2284 Nunc
239 2248 366 2284 autem
403 2244 595 2286 attendite
630 2251 681 2286 et·
702 2245 914 2300 expendite
951 2252 1115 2302 quantus
1151 2243 1263 2286 suerit
1296 2241 1360 2284 hic

36 2302 180 2349 Christi
210 2314 349 2363 typus,
381 2311 440 2350 cui
470 2311 550 2363 ipse
571 2308 796 2362 Abraham,
823 2317 946 2353 tantus
974 2309 1182 2365 patriarcha
1203 2308 1356 2365 glorio—

0 2401 2 2409 :
33 2379 162 2478 suslet
184 2374 308 2415 victor
341 2373 517 2426 rediens,
548 2374 715 2418 decimas
750 2377 856 2419 dedit
886 2392 936 2420 ex
961 2378 1115 2432 optimis
1140 2377 1356 2431 quibusque

34 2449 188 2491 spons.
