<?xml version="1.0" encoding="UTF-8"?>
<!DOCTYPE html PUBLIC "-//W3C//DTD XHTML 1.0 Transitional//EN"
    "http://www.w3.org/TR/xhtml1/DTD/xhtml1-transitional.dtd">
<html xmlns="http://www.w3.org/1999/xhtml" xml:lang="en" lang="en">
 <head>
  <title>
</title>
<meta http-equiv="Content-Type" content="text/html;charset=utf-8" />
  <meta name='ocr-system' content='tesseract 3.04.00' />
  <meta name='ocr-capabilities' content='ocr_page ocr_carea ocr_par ocr_line ocrx_word'/>
</head>
<body>
  <div class='ocr_page' id='page_1' title='image "./epistolaumbpauli06picq_0327.png"; bbox 0 0 1474 2658; ppageno 0'>
   <div class='ocr_carea' id='block_1_1' title="bbox 0 0 1359 211">
    <p class='ocr_par' dir='ltr' id='par_1_1' title="bbox 0 0 1359 200">
     <span class='ocr_line' id='line_1_1' title="bbox 0 0 301 61; baseline -0.028 -26"><span class='ocrx_word' id='word_1_1' title='bbox 0 0 164 61; x_wconf 53' lang='lat' dir='ltr'>W*</span> <span class='ocrx_word' id='word_1_2' title='bbox 173 0 248 30; x_wconf 55' lang='grc' dir='ltr'>,την-</span> <span class='ocrx_word' id='word_1_3' title='bbox 252 0 301 19; x_wconf 71' lang='grc' dir='ltr'><em>ν</em></span> 
     </span>
     <span class='ocr_line' id='line_1_2' title="bbox 78 64 1359 125; baseline -0.009 -5"><span class='ocrx_word' id='word_1_4' title='bbox 78 101 94 116; x_wconf 61' lang='grc' dir='ltr'>ι,</span> <span class='ocrx_word' id='word_1_5' title='bbox 146 93 151 99; x_wconf 93' lang='grc'><em>·</em></span> <span class='ocrx_word' id='word_1_6' title='bbox 186 75 206 90; x_wconf 82' lang='lat'>’&#39;</span> <span class='ocrx_word' id='word_1_7' title='bbox 336 76 522 119; x_wconf 62' lang='lat' dir='ltr'>mm</span> <span class='ocrx_word' id='word_1_8' title='bbox 540 81 789 114; x_wconf 69' lang='lat' dir='ltr'>nmsmo.</span> <span class='ocrx_word' id='word_1_9' title='bbox 820 65 922 125; x_wconf 77' lang='lat' dir='ltr'>Cap.</span> <span class='ocrx_word' id='word_1_10' title='bbox 948 64 1075 112; x_wconf 78' lang='lat' dir='ltr'><em>XIII.</em></span> <span class='ocrx_word' id='word_1_11' title='bbox 1274 65 1359 110; x_wconf 78' lang='lat'>311</span> 
     </span>
     <span class='ocr_line' id='line_1_3' title="bbox 0 126 1359 211; baseline -0.015 -10"><span class='ocrx_word' id='word_1_12' title='bbox 0 155 3 165; x_wconf 66' lang='lat'><strong>¹</strong></span> <span class='ocrx_word' id='word_1_13' title='bbox 52 126 414 211; x_wconf 43' lang='lat' dir='ltr'>&amp;mininam</span> <span class='ocrx_word' id='word_1_14' title='bbox 435 160 532 201; x_wconf 77' lang='lat' dir='ltr'>seu,</span> <span class='ocrx_word' id='word_1_15' title='bbox 538 154 598 190; x_wconf 89' lang='lat' dir='ltr'>ut</span> <span class='ocrx_word' id='word_1_16' title='bbox 627 147 679 188; x_wconf 84' lang='lat' dir='ltr'>ait</span> <span class='ocrx_word' id='word_1_17' title='bbox 695 143 749 188; x_wconf 89' lang='lat' dir='ltr'>D.</span> <span class='ocrx_word' id='word_1_18' title='bbox 769 141 1100 200; x_wconf 72' lang='lat' dir='ltr'><strong>chrysostomus,</strong></span> <span class='ocrx_word' id='word_1_19' title='bbox 1125 145 1359 198; x_wconf 79' lang='lat' dir='ltr'>recogitare,</span> 
     </span>
    </p>
   </div>
   <div class='ocr_carea' id='block_1_2' title="bbox 53 207 1360 337">
    <p class='ocr_par' dir='ltr' id='par_1_2' title="bbox 53 207 1360 326">
     <span class='ocr_line' id='line_1_4' title="bbox 53 207 1360 266; baseline -0.009 -5"><span class='ocrx_word' id='word_1_20' title='bbox 53 218 185 262; x_wconf 78' lang='lat' dir='ltr'>auimo</span> <span class='ocrx_word' id='word_1_21' title='bbox 203 217 430 266; x_wconf 71' lang='lat' dir='ltr'><strong>revolvere,</strong></span> <span class='ocrx_word' id='word_1_22' title='bbox 455 215 595 256; x_wconf 82' lang='lat' dir='ltr'>iterum</span> <span class='ocrx_word' id='word_1_23' title='bbox 610 214 824 265; x_wconf 79' lang='lat' dir='ltr'>iterumque</span> <span class='ocrx_word' id='word_1_24' title='bbox 848 209 1114 260; x_wconf 85' lang='lat' dir='ltr'>considerare,</span> <span class='ocrx_word' id='word_1_25' title='bbox 1142 215 1186 251; x_wconf 83' lang='lat' dir='ltr'>ut</span> <span class='ocrx_word' id='word_1_26' title='bbox 1210 207 1360 250; x_wconf 89' lang='lat' dir='ltr'>illorum</span> 
     </span>
     <span class='ocr_line' id='line_1_5' title="bbox 54 274 1073 337; baseline -0.012 -12"><span class='ocrx_word' id='word_1_27' title='bbox 54 283 248 326; x_wconf 58' lang='lat' dir='ltr'>uremur</span> <span class='ocrx_word' id='word_1_28' title='bbox 261 279 422 337; x_wconf 79' lang='lat' dir='ltr'>vivendi</span> <span class='ocrx_word' id='word_1_29' title='bbox 438 279 626 320; x_wconf 79' lang='lat' dir='ltr'>rationem</span> <span class='ocrx_word' id='word_1_30' title='bbox 642 280 680 317; x_wconf 91' lang='lat' dir='ltr'>et</span> <span class='ocrx_word' id='word_1_31' title='bbox 697 274 887 316; x_wconf 86' lang='lat' dir='ltr'>moriendi</span> <span class='ocrx_word' id='word_1_32' title='bbox 901 275 1073 315; x_wconf 87' lang='lat' dir='ltr'>modum.</span> 
     </span>
    </p>
   </div>
   <div class='ocr_carea' id='block_1_3' title="bbox 56 338 1360 529">
    <p class='ocr_par' dir='ltr' id='par_1_3' title="bbox 56 338 1360 529">
     <span class='ocr_line' id='line_1_6' title="bbox 113 338 1360 396; baseline -0.007 -5"><span class='ocrx_word' id='word_1_33' title='bbox 113 341 163 392; x_wconf 62' lang='grc' dir='ltr'>Ῠ.</span> <span class='ocrx_word' id='word_1_34' title='bbox 189 345 231 390; x_wconf 83' lang='grc'>8.</span> <span class='ocrx_word' id='word_1_35' title='bbox 252 347 368 389; x_wconf 73' lang='lat' dir='ltr'>Jews</span> <span class='ocrx_word' id='word_1_36' title='bbox 403 343 580 389; x_wconf 67' lang='lat' dir='ltr'>Christus</span> <span class='ocrx_word' id='word_1_37' title='bbox 607 342 694 383; x_wconf 80' lang='lat' dir='ltr'>heri</span> <span class='ocrx_word' id='word_1_38' title='bbox 716 347 758 381; x_wconf 75' lang='lat' dir='ltr'>et</span> <span class='ocrx_word' id='word_1_39' title='bbox 771 340 927 382; x_wconf 78' lang='lat' dir='ltr'>hodie...</span> <span class='ocrx_word' id='word_1_40' title='bbox 945 338 1036 396; x_wconf 87' lang='lat' dir='ltr'>Syr.</span> <span class='ocrx_word' id='word_1_41' title='bbox 1056 338 1170 381; x_wconf 88' lang='lat' dir='ltr'>Jesus</span> <span class='ocrx_word' id='word_1_42' title='bbox 1188 338 1360 382; x_wconf 79' lang='lat' dir='ltr'>Christus</span> 
     </span>
     <span class='ocr_line' id='line_1_7' title="bbox 56 406 1003 467; baseline -0.007 -10"><span class='ocrx_word' id='word_1_43' title='bbox 56 413 142 457; x_wconf 86' lang='lat' dir='ltr'>heri</span> <span class='ocrx_word' id='word_1_44' title='bbox 161 406 452 456; x_wconf 61' lang='lat' dir='ltr'>ethome-idem</span> <span class='ocrx_word' id='word_1_45' title='bbox 470 413 553 467; x_wconf 90' lang='lat' dir='ltr'>ipse</span> <span class='ocrx_word' id='word_1_46' title='bbox 569 416 646 461; x_wconf 80' lang='lat' dir='ltr'>est,</span> <span class='ocrx_word' id='word_1_47' title='bbox 665 415 703 450; x_wconf 87' lang='lat' dir='ltr'>et</span> <span class='ocrx_word' id='word_1_48' title='bbox 720 410 758 449; x_wconf 92' lang='lat' dir='ltr'>in</span> <span class='ocrx_word' id='word_1_49' title='bbox 775 414 973 449; x_wconf 87' lang='lat' dir='ltr'>aeternum.</span> <span class='ocrx_word' id='word_1_50' title='bbox 997 447 1003 450; x_wconf 80' lang='grc'><strong>.</strong></span> 
     </span>
     <span class='ocr_line' id='line_1_8' title="bbox 117 474 1359 529; baseline -0.006 -8"><span class='ocrx_word' id='word_1_51' title='bbox 117 476 194 521; x_wconf 72' lang='lat' dir='ltr'>His</span> <span class='ocrx_word' id='word_1_52' title='bbox 216 480 346 520; x_wconf 78' lang='lat' dir='ltr'>verbis</span> <span class='ocrx_word' id='word_1_53' title='bbox 362 477 534 519; x_wconf 80' lang='lat' dir='ltr'><strong>redditur</strong></span> <span class='ocrx_word' id='word_1_54' title='bbox 548 477 642 518; x_wconf 85' lang='lat' dir='ltr'>ratio</span> <span class='ocrx_word' id='word_1_55' title='bbox 659 482 700 517; x_wconf 90' lang='lat' dir='ltr'>et</span> <span class='ocrx_word' id='word_1_56' title='bbox 721 474 1019 529; x_wconf 74' lang='lat' dir='ltr'>praecedentium</span> <span class='ocrx_word' id='word_1_57' title='bbox 1037 481 1075 515; x_wconf 88' lang='lat' dir='ltr'>et</span> <span class='ocrx_word' id='word_1_58' title='bbox 1095 476 1334 528; x_wconf 75' lang='lat' dir='ltr'>sequentium</span> <span class='ocrx_word' id='word_1_59' title='bbox 1346 504 1359 525; x_wconf 87' lang='lat'><strong>,</strong></span> 
     </span>
    </p>
   </div>
   <div class='ocr_carea' id='block_1_4' title="bbox 58 540 1363 660">
    <p class='ocr_par' dir='ltr' id='par_1_4' title="bbox 58 540 1363 660">
     <span class='ocr_line' id='line_1_9' title="bbox 59 540 1363 598; baseline -0.005 -11"><span class='ocrx_word' id='word_1_60' title='bbox 59 558 145 597; x_wconf 83' lang='lat' dir='ltr'>seu,</span> <span class='ocrx_word' id='word_1_61' title='bbox 176 559 243 586; x_wconf 89' lang='lat' dir='ltr'>cur</span> <span class='ocrx_word' id='word_1_62' title='bbox 268 544 434 585; x_wconf 85' lang='lat' dir='ltr'>debeant</span> <span class='ocrx_word' id='word_1_63' title='bbox 446 544 736 598; x_wconf 81' lang='lat' dir='ltr'>praepositorum</span> <span class='ocrx_word' id='word_1_64' title='bbox 751 554 905 582; x_wconf 89' lang='lat' dir='ltr'>suorum</span> <span class='ocrx_word' id='word_1_65' title='bbox 923 540 1042 582; x_wconf 81' lang='lat' dir='ltr'>fidem</span> <span class='ocrx_word' id='word_1_66' title='bbox 1058 541 1218 592; x_wconf 82' lang='lat' dir='ltr'>imitari,</span> <span class='ocrx_word' id='word_1_67' title='bbox 1243 546 1280 581; x_wconf 85' lang='lat' dir='ltr'>et</span> <span class='ocrx_word' id='word_1_68' title='bbox 1298 555 1363 582; x_wconf 87' lang='lat' dir='ltr'>cur</span> 
     </span>
     <span class='ocr_line' id='line_1_10' title="bbox 58 605 822 660; baseline -0.008 -9"><span class='ocrx_word' id='word_1_69' title='bbox 58 622 141 651; x_wconf 76' lang='lat' dir='ltr'>non</span> <span class='ocrx_word' id='word_1_70' title='bbox 157 608 324 651; x_wconf 80' lang='lat' dir='ltr'>debeant</span> <span class='ocrx_word' id='word_1_71' title='bbox 347 608 459 648; x_wconf 84' lang='lat' dir='ltr'>variis</span> <span class='ocrx_word' id='word_1_72' title='bbox 475 608 607 660; x_wconf 84' lang='lat' dir='ltr'>agitari</span> <span class='ocrx_word' id='word_1_73' title='bbox 628 605 822 646; x_wconf 72' lang='lat' dir='ltr'>doctrinis.</span> 
     </span>
    </p>
   </div>
   <div class='ocr_carea' id='block_1_5' title="bbox 116 661 1366 725">
    <p class='ocr_par' dir='ltr' id='par_1_5' title="bbox 116 661 1366 725">
     <span class='ocr_line' id='line_1_11' title="bbox 116 661 1366 725; baseline -0.004 -11"><span class='ocrx_word' id='word_1_74' title='bbox 116 669 233 714; x_wconf 81' lang='lat' dir='ltr'>Jesus</span> <span class='ocrx_word' id='word_1_75' title='bbox 250 669 424 713; x_wconf 78' lang='lat' dir='ltr'>Christus</span> <span class='ocrx_word' id='word_1_76' title='bbox 441 685 593 725; x_wconf 82' lang='lat' dir='ltr'>semper</span> <span class='ocrx_word' id='word_1_77' title='bbox 619 669 722 711; x_wconf 86' lang='lat' dir='ltr'>idem</span> <span class='ocrx_word' id='word_1_78' title='bbox 750 676 810 711; x_wconf 82' lang='lat' dir='ltr'>est</span> <span class='ocrx_word' id='word_1_79' title='bbox 830 684 873 711; x_wconf 90' lang='lat' dir='ltr'>ac</span> <span class='ocrx_word' id='word_1_80' title='bbox 891 671 964 711; x_wconf 88' lang='lat' dir='ltr'>sibi</span> <span class='ocrx_word' id='word_1_81' title='bbox 983 661 1136 718; x_wconf 88' lang='lat' dir='ltr'>similis;</span> <span class='ocrx_word' id='word_1_82' title='bbox 1157 668 1274 725; x_wconf 88' lang='lat' dir='ltr'>qualis</span> <span class='ocrx_word' id='word_1_83' title='bbox 1296 667 1366 710; x_wconf 83' lang='lat' dir='ltr'>suit</span> 
     </span>
    </p>
   </div>
   <div class='ocr_carea' id='block_1_6' title="bbox 61 735 1367 852">
    <p class='ocr_par' dir='ltr' id='par_1_6' title="bbox 61 735 1367 852">
     <span class='ocr_line' id='line_1_12' title="bbox 61 735 1367 791; baseline -0.003 -12"><span class='ocrx_word' id='word_1_84' title='bbox 61 737 169 786; x_wconf 70' lang='lat' dir='ltr'>heri,</span> <span class='ocrx_word' id='word_1_85' title='bbox 202 743 390 791; x_wconf 60' lang='lat' dir='ltr'>tempora</span> <span class='ocrx_word' id='word_1_86' title='bbox 407 738 598 790; x_wconf 62' lang='lat' dir='ltr'>praeterito</span> <span class='ocrx_word' id='word_1_87' title='bbox 624 735 913 789; x_wconf 71' lang='lat' dir='ltr'>praepositorum</span> <span class='ocrx_word' id='word_1_88' title='bbox 935 743 1171 787; x_wconf 88' lang='lat' dir='ltr'>vestrorum,</span> <span class='ocrx_word' id='word_1_89' title='bbox 1204 735 1285 778; x_wconf 88' lang='lat' dir='ltr'>talis</span> <span class='ocrx_word' id='word_1_90' title='bbox 1309 741 1367 776; x_wconf 85' lang='lat' dir='ltr'>est</span> 
     </span>
     <span class='ocr_line' id='line_1_13' title="bbox 61 799 756 852; baseline -0.007 -8"><span class='ocrx_word' id='word_1_91' title='bbox 61 814 165 844; x_wconf 76' lang='lat' dir='ltr'>nunc</span> <span class='ocrx_word' id='word_1_92' title='bbox 178 799 300 842; x_wconf 77' lang='lat' dir='ltr'>hodie</span> <span class='ocrx_word' id='word_1_93' title='bbox 312 830 325 852; x_wconf 89' lang='lat'>,</span> <span class='ocrx_word' id='word_1_94' title='bbox 346 807 384 842; x_wconf 82' lang='lat' dir='ltr'>et</span> <span class='ocrx_word' id='word_1_95' title='bbox 401 799 483 841; x_wconf 91' lang='lat' dir='ltr'>talis</span> <span class='ocrx_word' id='word_1_96' title='bbox 500 813 653 852; x_wconf 84' lang='lat' dir='ltr'><strong>semper</strong></span> <span class='ocrx_word' id='word_1_97' title='bbox 671 800 756 840; x_wconf 87' lang='lat' dir='ltr'>erit.</span> 
     </span>
    </p>
   </div>
   <div class='ocr_carea' id='block_1_7' title="bbox 120 860 1368 920">
    <p class='ocr_par' dir='ltr' id='par_1_7' title="bbox 120 860 1368 920">
     <span class='ocr_line' id='line_1_14' title="bbox 120 860 1368 920; baseline -0.001 -14"><span class='ocrx_word' id='word_1_98' title='bbox 120 861 227 920; x_wconf 80' lang='lat' dir='ltr'>Ergo</span> <span class='ocrx_word' id='word_1_99' title='bbox 240 872 282 907; x_wconf 81' lang='lat' dir='ltr'>et</span> <span class='ocrx_word' id='word_1_100' title='bbox 296 863 431 906; x_wconf 79' lang='lat' dir='ltr'>eadem</span> <span class='ocrx_word' id='word_1_101' title='bbox 449 865 498 906; x_wconf 89' lang='lat' dir='ltr'>sit</span> <span class='ocrx_word' id='word_1_102' title='bbox 516 863 610 904; x_wconf 86' lang='lat' dir='ltr'>fides</span> <span class='ocrx_word' id='word_1_103' title='bbox 624 870 762 904; x_wconf 86' lang='lat' dir='ltr'>vestra.</span> <span class='ocrx_word' id='word_1_104' title='bbox 775 860 879 918; x_wconf 86' lang='lat' dir='ltr'>Ergo</span> <span class='ocrx_word' id='word_1_105' title='bbox 894 871 932 904; x_wconf 78' lang='lat' dir='ltr'>et</span> <span class='ocrx_word' id='word_1_106' title='bbox 946 865 1068 905; x_wconf 74' lang='lat' dir='ltr'>variis</span> <span class='ocrx_word' id='word_1_107' title='bbox 1077 865 1279 914; x_wconf 79' lang='lat' dir='ltr'><em>doctrinis,</em></span> <span class='ocrx_word' id='word_1_108' title='bbox 1294 871 1368 906; x_wconf 68' lang='lat' dir='ltr'>etc.</span> 
     </span>
    </p>
   </div>
   <div class='ocr_carea' id='block_1_8' title="bbox 65 928 1370 1038">
    <p class='ocr_par' dir='ltr' id='par_1_8' title="bbox 65 928 1370 1038">
     <span class='ocr_line' id='line_1_15' title="bbox 110 928 1370 988; baseline -0.002 -15"><span class='ocrx_word' id='word_1_109' title='bbox 110 929 180 984; x_wconf 57' lang='lat' dir='ltr'>y.</span> <span class='ocrx_word' id='word_1_110' title='bbox 198 945 240 988; x_wconf 47' lang='lat'>9¹.</span> <span class='ocrx_word' id='word_1_111' title='bbox 259 929 462 971; x_wconf 80' lang='lat' dir='ltr'>Doctrinis</span> <span class='ocrx_word' id='word_1_112' title='bbox 483 931 608 972; x_wconf 74' lang='lat' dir='ltr'>variis</span> <span class='ocrx_word' id='word_1_113' title='bbox 624 936 662 969; x_wconf 78' lang='lat' dir='ltr'>et</span> <span class='ocrx_word' id='word_1_114' title='bbox 675 931 884 983; x_wconf 74' lang='lat' dir='ltr'>peregrinis</span> <span class='ocrx_word' id='word_1_115' title='bbox 904 930 1023 971; x_wconf 76' lang='lat' dir='ltr'>nolr&#39;le</span> <span class='ocrx_word' id='word_1_116' title='bbox 1039 931 1196 972; x_wconf 81' lang='lat' dir='ltr'>abduci.</span> <span class='ocrx_word' id='word_1_117' title='bbox 1224 928 1295 973; x_wconf 90' lang='lat' dir='ltr'>Gr.</span> <span class='ocrx_word' id='word_1_118' title='bbox 1318 944 1370 972; x_wconf 89' lang='lat' dir='ltr'>ne</span> 
     </span>
     <span class='ocr_line' id='line_1_16' title="bbox 65 995 398 1038; baseline -0.003 0"><span class='ocrx_word' id='word_1_119' title='bbox 65 995 398 1038; x_wconf 81' lang='lat' dir='ltr'>circumferamini.</span> 
     </span>
    </p>
   </div>
   <div class='ocr_carea' id='block_1_9' title="bbox 0 1059 1431 2097">
    <p class='ocr_par' dir='ltr' id='par_1_9' title="bbox 121 1059 892 1114">
     <span class='ocr_line' id='line_1_17' title="bbox 121 1059 892 1114; baseline 0 -11"><span class='ocrx_word' id='word_1_120' title='bbox 121 1060 254 1104; x_wconf 83' lang='lat' dir='ltr'>Nolite</span> <span class='ocrx_word' id='word_1_121' title='bbox 272 1062 422 1114; x_wconf 79' lang='lat' dir='ltr'>agitari,</span> <span class='ocrx_word' id='word_1_122' title='bbox 445 1059 521 1101; x_wconf 86' lang='lat' dir='ltr'>huc</span> <span class='ocrx_word' id='word_1_123' title='bbox 539 1068 575 1103; x_wconf 87' lang='lat' dir='ltr'>ct</span> <span class='ocrx_word' id='word_1_124' title='bbox 594 1061 676 1102; x_wconf 86' lang='lat' dir='ltr'>illuc</span> <span class='ocrx_word' id='word_1_125' title='bbox 698 1060 892 1104; x_wconf 83' lang='lat' dir='ltr'>fluctuare.</span> 
     </span>
    </p>

    <p class='ocr_par' dir='ltr' id='par_1_10' title="bbox 65 1123 1431 1247">
     <span class='ocr_line' id='line_1_18' title="bbox 122 1123 1431 1183; baseline -0.001 -14"><span class='ocrx_word' id='word_1_126' title='bbox 122 1125 228 1176; x_wconf 79' lang='lat' dir='ltr'>Nota</span> <span class='ocrx_word' id='word_1_127' title='bbox 247 1125 313 1168; x_wconf 80' lang='lat' dir='ltr'>hlc</span> <span class='ocrx_word' id='word_1_128' title='bbox 327 1133 403 1168; x_wconf 83' lang='lat' dir='ltr'>tres</span> <span class='ocrx_word' id='word_1_129' title='bbox 416 1126 610 1168; x_wconf 80' lang='lat' dir='ltr'>haereseos</span> <span class='ocrx_word' id='word_1_130' title='bbox 630 1123 901 1181; x_wconf 51' lang='lat' dir='ltr'>proprietatem</span> <span class='ocrx_word' id='word_1_131' title='bbox 923 1131 1024 1169; x_wconf 80' lang='lat' dir='ltr'>varia</span> <span class='ocrx_word' id='word_1_132' title='bbox 1048 1135 1104 1171; x_wconf 85' lang='lat' dir='ltr'>est</span> <span class='ocrx_word' id='word_1_133' title='bbox 1122 1143 1201 1170; x_wconf 90' lang='lat' dir='ltr'>non</span> <span class='ocrx_word' id='word_1_134' title='bbox 1226 1130 1371 1170; x_wconf 70' lang='lat' dir='ltr'>tantum</span> <span class='ocrx_word' id='word_1_135' title='bbox 1425 1179 1431 1183; x_wconf 25' lang='grc' dir='ltr'>ι</span> 
     </span>
     <span class='ocr_line' id='line_1_19' title="bbox 65 1190 1371 1247; baseline 0 -14"><span class='ocrx_word' id='word_1_136' title='bbox 65 1194 87 1234; x_wconf 74' lang='grc' dir='ltr'>ὲ</span> <span class='ocrx_word' id='word_1_137' title='bbox 98 1194 284 1233; x_wconf 72' lang='lat' dir='ltr'>‘varietate</span> <span class='ocrx_word' id='word_1_138' title='bbox 298 1191 399 1242; x_wconf 84' lang='lat' dir='ltr'>,·sed</span> <span class='ocrx_word' id='word_1_139' title='bbox 413 1193 435 1231; x_wconf 77' lang='lat' dir='ltr'>a</span> <span class='ocrx_word' id='word_1_140' title='bbox 453 1190 578 1246; x_wconf 61' lang='lat' dir='ltr'>seipsa</span> <span class='ocrx_word' id='word_1_141' title='bbox 595 1205 746 1247; x_wconf 87' lang='lat' dir='ltr'>semper</span> <span class='ocrx_word' id='word_1_142' title='bbox 761 1192 882 1234; x_wconf 85' lang='lat' dir='ltr'>divisa</span> <span class='ocrx_word' id='word_1_143' title='bbox 899 1196 1009 1235; x_wconf 76' lang='lat' dir='ltr'>estin</span> <span class='ocrx_word' id='word_1_144' title='bbox 1039 1193 1176 1235; x_wconf 83' lang='lat' dir='ltr'>multas</span> <span class='ocrx_word' id='word_1_145' title='bbox 1195 1199 1317 1235; x_wconf 82' lang='lat' dir='ltr'>sectas</span> <span class='ocrx_word' id='word_1_146' title='bbox 1333 1198 1371 1234; x_wconf 84' lang='lat' dir='ltr'>et</span> 
     </span>
    </p>

    <p class='ocr_par' dir='ltr' id='par_1_11' title="bbox 0 1261 281 1314">
     <span class='ocr_line' id='line_1_20' title="bbox 0 1261 281 1314; baseline 0 -13"><span class='ocrx_word' id='word_1_147' title='bbox 0 1268 8 1280; x_wconf 90' lang='lat'><em>&#39;</em></span> <span class='ocrx_word' id='word_1_148' title='bbox 64 1261 281 1314; x_wconf 83' lang='lat' dir='ltr'>opiniones.</span> 
     </span>
    </p>

    <p class='ocr_par' dir='ltr' id='par_1_12' title="bbox 125 1322 1116 1379">
     <span class='ocr_line' id='line_1_21' title="bbox 125 1322 1116 1379; baseline 0.001 -13"><span class='ocrx_word' id='word_1_149' title='bbox 125 1322 331 1379; x_wconf 80' lang='lat' dir='ltr'>Peregrina</span> <span class='ocrx_word' id='word_1_150' title='bbox 352 1332 409 1366; x_wconf 88' lang='lat' dir='ltr'>est</span> <span class='ocrx_word' id='word_1_151' title='bbox 423 1355 433 1374; x_wconf 85' lang='lat'><strong>‚</strong></span> <span class='ocrx_word' id='word_1_152' title='bbox 458 1323 690 1374; x_wconf 83' lang='lat' dir='ltr'>adventitia,</span> <span class='ocrx_word' id='word_1_153' title='bbox 713 1322 921 1365; x_wconf 84' lang='lat' dir='ltr'>forinsecus</span> <span class='ocrx_word' id='word_1_154' title='bbox 942 1324 1116 1367; x_wconf 84' lang='lat' dir='ltr'>adducta.</span> 
     </span>
    </p>

    <p class='ocr_par' dir='ltr' id='par_1_13' title="bbox 124 1387 1220 1439">
     <span class='ocr_line' id='line_1_22' title="bbox 124 1387 1220 1439; baseline -0.002 -6"><span class='ocrx_word' id='word_1_155' title='bbox 124 1387 294 1433; x_wconf 77' lang='lat' dir='ltr'>Abducit</span> <span class='ocrx_word' id='word_1_156' title='bbox 311 1394 331 1432; x_wconf 73' lang='lat' dir='ltr'>a</span> <span class='ocrx_word' id='word_1_157' title='bbox 345 1391 512 1432; x_wconf 86' lang='lat' dir='ltr'>veritatis</span> <span class='ocrx_word' id='word_1_158' title='bbox 534 1389 780 1439; x_wconf 83' lang='lat' dir='ltr'>rectitudine,</span> <span class='ocrx_word' id='word_1_159' title='bbox 805 1389 965 1430; x_wconf 88' lang='lat' dir='ltr'>demens</span> <span class='ocrx_word' id='word_1_160' title='bbox 988 1397 1043 1431; x_wconf 83' lang='lat' dir='ltr'>est</span> <span class='ocrx_word' id='word_1_161' title='bbox 1066 1397 1104 1432; x_wconf 89' lang='lat' dir='ltr'>et</span> <span class='ocrx_word' id='word_1_162' title='bbox 1122 1391 1220 1431; x_wconf 89' lang='lat' dir='ltr'>avia.</span> 
     </span>
    </p>

    <p class='ocr_par' dir='ltr' id='par_1_14' title="bbox 62 1450 1372 1641">
     <span class='ocr_line' id='line_1_23' title="bbox 126 1450 1372 1510; baseline -0.001 -15"><span class='ocrx_word' id='word_1_163' title='bbox 126 1456 330 1510; x_wconf 67' lang='lat' dir='ltr'>Optimum</span> <span class='ocrx_word' id='word_1_164' title='bbox 350 1461 408 1494; x_wconf 72' lang='lat' dir='ltr'>est</span> <span class='ocrx_word' id='word_1_165' title='bbox 417 1456 520 1493; x_wconf 82' lang='lat' dir='ltr'>enim</span> <span class='ocrx_word' id='word_1_166' title='bbox 535 1452 666 1506; x_wconf 56' lang='lat' dir='ltr'>grati&amp;</span> <span class='ocrx_word' id='word_1_167' title='bbox 678 1453 855 1493; x_wconf 74' lang='lat' dir='ltr'>stabilire</span> <span class='ocrx_word' id='word_1_168' title='bbox 877 1469 955 1495; x_wconf 84' lang='lat' dir='ltr'>cor.</span> <span class='ocrx_word' id='word_1_169' title='bbox 969 1450 1038 1495; x_wconf 82' lang='lat' dir='ltr'>Gr.</span> <span class='ocrx_word' id='word_1_170' title='bbox 1057 1453 1255 1507; x_wconf 85' lang='lat' dir='ltr'>pulchrum</span> <span class='ocrx_word' id='word_1_171' title='bbox 1270 1454 1372 1494; x_wconf 86' lang='lat' dir='ltr'>enim</span> 
     </span>
     <span class='ocr_line' id='line_1_24' title="bbox 62 1519 1372 1578; baseline -0.003 -13"><span class='ocrx_word' id='word_1_172' title='bbox 62 1523 184 1578; x_wconf 51' lang='lat' dir='ltr'>¹gratia</span> <span class='ocrx_word' id='word_1_173' title='bbox 202 1522 358 1564; x_wconf 86' lang='lat' dir='ltr'>stabiliri</span> <span class='ocrx_word' id='word_1_174' title='bbox 379 1537 457 1564; x_wconf 84' lang='lat' dir='ltr'>cor.</span> <span class='ocrx_word' id='word_1_175' title='bbox 485 1519 571 1576; x_wconf 81' lang='lat' dir='ltr'>Syr.</span> <span class='ocrx_word' id='word_1_176' title='bbox 591 1521 728 1563; x_wconf 86' lang='lat' dir='ltr'>melius</span> <span class='ocrx_word' id='word_1_177' title='bbox 750 1528 807 1562; x_wconf 89' lang='lat' dir='ltr'>est</span> <span class='ocrx_word' id='word_1_178' title='bbox 827 1524 932 1567; x_wconf 88' lang='lat' dir='ltr'>enim</span> <span class='ocrx_word' id='word_1_179' title='bbox 949 1529 988 1562; x_wconf 85' lang='lat' dir='ltr'>ut</span> <span class='ocrx_word' id='word_1_180' title='bbox 1007 1536 1076 1575; x_wconf 85' lang='lat' dir='ltr'>per</span> <span class='ocrx_word' id='word_1_181' title='bbox 1095 1523 1250 1575; x_wconf 81' lang='lat' dir='ltr'>gratiam</span> <span class='ocrx_word' id='word_1_182' title='bbox 1267 1533 1372 1562; x_wconf 88' lang='lat' dir='ltr'>con-</span> 
     </span>
     <span class='ocr_line' id='line_1_25' title="bbox 67 1589 916 1641; baseline -0.001 -10"><span class='ocrx_word' id='word_1_183' title='bbox 67 1590 264 1631; x_wconf 86' lang='lat' dir='ltr'>firmemus</span> <span class='ocrx_word' id='word_1_184' title='bbox 283 1589 398 1630; x_wconf 85' lang='lat' dir='ltr'>corda</span> <span class='ocrx_word' id='word_1_185' title='bbox 415 1595 541 1629; x_wconf 86' lang='lat' dir='ltr'>nostra</span> <span class='ocrx_word' id='word_1_186' title='bbox 554 1620 564 1636; x_wconf 82' lang='grc'>,</span> <span class='ocrx_word' id='word_1_187' title='bbox 583 1591 695 1641; x_wconf 69' lang='lat' dir='ltr'>quam</span> <span class='ocrx_word' id='word_1_188' title='bbox 711 1602 779 1641; x_wconf 89' lang='lat' dir='ltr'>per</span> <span class='ocrx_word' id='word_1_189' title='bbox 796 1590 916 1630; x_wconf 85' lang='lat' dir='ltr'>cibos.</span> 
     </span>
    </p>

    <p class='ocr_par' dir='ltr' id='par_1_15' title="bbox 69 1651 1377 1967">
     <span class='ocr_line' id='line_1_26' title="bbox 126 1651 1377 1711; baseline -0.001 -15"><span class='ocrx_word' id='word_1_190' title='bbox 126 1652 182 1696; x_wconf 89' lang='lat' dir='ltr'>D.</span> <span class='ocrx_word' id='word_1_191' title='bbox 201 1651 343 1695; x_wconf 86' lang='lat' dir='ltr'>Paulus</span> <span class='ocrx_word' id='word_1_192' title='bbox 359 1657 380 1694; x_wconf 72' lang='lat' dir='ltr'>a</span> <span class='ocrx_word' id='word_1_193' title='bbox 399 1662 538 1707; x_wconf 82' lang='lat' dir='ltr'>genere</span> <span class='ocrx_word' id='word_1_194' title='bbox 558 1653 756 1695; x_wconf 88' lang='lat' dir='ltr'>descendit</span> <span class='ocrx_word' id='word_1_195' title='bbox 775 1654 823 1695; x_wconf 87' lang='lat' dir='ltr'>ad</span> <span class='ocrx_word' id='word_1_196' title='bbox 838 1661 978 1697; x_wconf 82' lang='lat' dir='ltr'>certam</span> <span class='ocrx_word' id='word_1_197' title='bbox 1001 1658 1190 1711; x_wconf 82' lang='lat' dir='ltr'>speciem,</span> <span class='ocrx_word' id='word_1_198' title='bbox 1207 1670 1275 1697; x_wconf 87' lang='lat' dir='ltr'>seu</span> <span class='ocrx_word' id='word_1_199' title='bbox 1287 1653 1377 1696; x_wconf 88' lang='lat' dir='ltr'>dato</span> 
     </span>
     <span class='ocr_line' id='line_1_27' title="bbox 70 1717 1374 1773; baseline 0 -13"><span class='ocrx_word' id='word_1_200' title='bbox 70 1718 235 1773; x_wconf 83' lang='lat' dir='ltr'>generali</span> <span class='ocrx_word' id='word_1_201' title='bbox 257 1720 406 1759; x_wconf 86' lang='lat' dir='ltr'>monito</span> <span class='ocrx_word' id='word_1_202' title='bbox 429 1718 478 1759; x_wconf 92' lang='lat' dir='ltr'>de</span> <span class='ocrx_word' id='word_1_203' title='bbox 499 1717 674 1759; x_wconf 81' lang='lat' dir='ltr'>cavendo</span> <span class='ocrx_word' id='word_1_204' title='bbox 701 1722 722 1759; x_wconf 75' lang='lat' dir='ltr'>a</span> <span class='ocrx_word' id='word_1_205' title='bbox 743 1721 856 1760; x_wconf 85' lang='lat' dir='ltr'>variis</span> <span class='ocrx_word' id='word_1_206' title='bbox 880 1719 1145 1762; x_wconf 78' lang='lat' dir='ltr'>haereticorum</span> <span class='ocrx_word' id='word_1_207' title='bbox 1168 1719 1374 1771; x_wconf 79' lang='lat' dir='ltr'>doctrinis,</span> 
     </span>
     <span class='ocr_line' id='line_1_28' title="bbox 69 1782 1377 1838; baseline 0.001 -14"><span class='ocrx_word' id='word_1_208' title='bbox 69 1788 204 1825; x_wconf 79' lang='lat' dir='ltr'>monet</span> <span class='ocrx_word' id='word_1_209' title='bbox 222 1782 435 1838; x_wconf 72' lang='lat' dir='ltr'>specialiter</span> <span class='ocrx_word' id='word_1_210' title='bbox 445 1789 486 1824; x_wconf 92' lang='lat' dir='ltr'>ut</span> <span class='ocrx_word' id='word_1_211' title='bbox 505 1789 665 1824; x_wconf 87' lang='lat' dir='ltr'>caveant</span> <span class='ocrx_word' id='word_1_212' title='bbox 679 1786 700 1823; x_wconf 75' lang='lat' dir='ltr'>a</span> <span class='ocrx_word' id='word_1_213' title='bbox 718 1782 888 1824; x_wconf 67' lang='lat' dir='ltr'>doctrina</span> <span class='ocrx_word' id='word_1_214' title='bbox 903 1784 953 1825; x_wconf 91' lang='lat' dir='ltr'>de</span> <span class='ocrx_word' id='word_1_215' title='bbox 973 1783 1190 1826; x_wconf 80' lang='lat' dir='ltr'>discrimine</span> <span class='ocrx_word' id='word_1_216' title='bbox 1204 1785 1377 1826; x_wconf 90' lang='lat' dir='ltr'>ciborum</span> 
     </span>
     <span class='ocr_line' id='line_1_29' title="bbox 69 1839 1372 1901; baseline 0.001 -12"><span class='ocrx_word' id='word_1_217' title='bbox 69 1848 160 1901; x_wconf 78' lang='lat' dir='ltr'>lege·</span> <span class='ocrx_word' id='word_1_218' title='bbox 173 1849 410 1899; x_wconf 81' lang='lat' dir='ltr'>vetitorum,</span> <span class='ocrx_word' id='word_1_219' title='bbox 445 1853 484 1889; x_wconf 88' lang='lat' dir='ltr'>et</span> <span class='ocrx_word' id='word_1_220' title='bbox 517 1847 567 1888; x_wconf 90' lang='lat' dir='ltr'>de</span> <span class='ocrx_word' id='word_1_221' title='bbox 588 1847 880 1888; x_wconf 82' lang='lat' dir='ltr'>manducatione</span> <span class='ocrx_word' id='word_1_222' title='bbox 899 1849 1070 1889; x_wconf 85' lang='lat' dir='ltr'>ciborum</span> <span class='ocrx_word' id='word_1_223' title='bbox 1089 1839 1346 1891; x_wconf 85' lang='lat' dir='ltr'>sacrificalium</span> <span class='ocrx_word' id='word_1_224' title='bbox 1361 1878 1372 1898; x_wconf 85' lang='lat'><strong>‚</strong></span> 
     </span>
     <span class='ocr_line' id='line_1_30' title="bbox 71 1913 929 1967; baseline -0.001 -11"><span class='ocrx_word' id='word_1_225' title='bbox 71 1926 141 1956; x_wconf 77' lang='lat' dir='ltr'>seu</span> <span class='ocrx_word' id='word_1_226' title='bbox 163 1913 216 1954; x_wconf 78' lang='lat' dir='ltr'>de</span> <span class='ocrx_word' id='word_1_227' title='bbox 230 1914 469 1954; x_wconf 80' lang='lat' dir='ltr'>comestione</span> <span class='ocrx_word' id='word_1_228' title='bbox 485 1913 726 1954; x_wconf 85' lang='lat' dir='ltr'>victimarum</span> <span class='ocrx_word' id='word_1_229' title='bbox 741 1913 929 1967; x_wconf 76' lang='lat' dir='ltr'>legalium.</span> 
     </span>
    </p>

    <p class='ocr_par' dir='ltr' id='par_1_16' title="bbox 132 1975 686 2031">
     <span class='ocr_line' id='line_1_31' title="bbox 132 1975 686 2031; baseline 0 -13"><span class='ocrx_word' id='word_1_230' title='bbox 132 1975 253 2029; x_wconf 86' lang='lat' dir='ltr'>Quod</span> <span class='ocrx_word' id='word_1_231' title='bbox 273 1983 313 2018; x_wconf 88' lang='lat' dir='ltr'>ut</span> <span class='ocrx_word' id='word_1_232' title='bbox 331 1977 465 2018; x_wconf 73' lang='lat' dir='ltr'>melius</span> <span class='ocrx_word' id='word_1_233' title='bbox 477 1978 659 2031; x_wconf 83' lang='lat' dir='ltr'>intelligas</span> <span class='ocrx_word' id='word_1_234' title='bbox 675 2009 686 2028; x_wconf 94' lang='lat'>‚</span> 
     </span>
    </p>

    <p class='ocr_par' dir='ltr' id='par_1_17' title="bbox 127 2028 1379 2097">
     <span class='ocr_line' id='line_1_32' title="bbox 127 2028 1379 2097; baseline 0.003 -16"><span class='ocrx_word' id='word_1_235' title='bbox 127 2038 238 2082; x_wconf 61' lang='lat' dir='ltr'>Nota</span> <span class='ocrx_word' id='word_1_236' title='bbox 252 2040 361 2093; x_wconf 69' lang='lat' dir='ltr'>quod</span> <span class='ocrx_word' id='word_1_237' title='bbox 382 2041 613 2093; x_wconf 81' lang='lat' dir='ltr'>judaizantes</span> <span class='ocrx_word' id='word_1_238' title='bbox 634 2055 811 2094; x_wconf 85' lang='lat' dir='ltr'>magnam</span> <span class='ocrx_word' id='word_1_239' title='bbox 834 2028 1024 2095; x_wconf 82' lang='lat' dir='ltr'>religionis</span> <span class='ocrx_word' id='word_1_240' title='bbox 1048 2048 1193 2097; x_wconf 87' lang='lat' dir='ltr'>partem</span> <span class='ocrx_word' id='word_1_241' title='bbox 1214 2042 1379 2090; x_wconf 76' lang='lat' dir='ltr'>colloca·</span> 
     </span>
    </p>
   </div>
   <div class='ocr_carea' id='block_1_10' title="bbox 68 2104 1380 2222">
    <p class='ocr_par' dir='ltr' id='par_1_18' title="bbox 68 2104 1380 2222">
     <span class='ocr_line' id='line_1_33' title="bbox 72 2104 1380 2160; baseline 0.002 -14"><span class='ocrx_word' id='word_1_242' title='bbox 72 2105 164 2146; x_wconf 87' lang='lat' dir='ltr'>bant</span> <span class='ocrx_word' id='word_1_243' title='bbox 194 2106 234 2145; x_wconf 90' lang='lat' dir='ltr'>in</span> <span class='ocrx_word' id='word_1_244' title='bbox 264 2118 330 2144; x_wconf 89' lang='lat' dir='ltr'>esu</span> <span class='ocrx_word' id='word_1_245' title='bbox 356 2106 527 2146; x_wconf 89' lang='lat' dir='ltr'>ciborum</span> <span class='ocrx_word' id='word_1_246' title='bbox 558 2104 657 2146; x_wconf 86' lang='lat' dir='ltr'>Deo</span> <span class='ocrx_word' id='word_1_247' title='bbox 672 2105 909 2157; x_wconf 86' lang='lat' dir='ltr'>oblatorum,</span> <span class='ocrx_word' id='word_1_248' title='bbox 945 2108 1050 2160; x_wconf 86' lang='lat' dir='ltr'>quasi</span> <span class='ocrx_word' id='word_1_249' title='bbox 1084 2110 1164 2148; x_wconf 88' lang='lat' dir='ltr'>vim</span> <span class='ocrx_word' id='word_1_250' title='bbox 1193 2106 1380 2150; x_wconf 87' lang='lat' dir='ltr'>haberent</span> 
     </span>
     <span class='ocr_line' id='line_1_34' title="bbox 68 2167 862 2222; baseline 0 -12"><span class='ocrx_word' id='word_1_251' title='bbox 68 2167 332 2210; x_wconf 75' lang='lat' dir='ltr'>sanctificandi</span> <span class='ocrx_word' id='word_1_252' title='bbox 344 2196 356 2218; x_wconf 91' lang='lat'>,</span> <span class='ocrx_word' id='word_1_253' title='bbox 379 2171 624 2222; x_wconf 77' lang='lat' dir='ltr'>animumque</span> <span class='ocrx_word' id='word_1_254' title='bbox 642 2169 862 2210; x_wconf 87' lang='lat' dir='ltr'>roborandi.</span> 
     </span>
    </p>
   </div>
   <div class='ocr_carea' id='block_1_11' title="bbox 28 2230 1383 2476">
    <p class='ocr_par' dir='ltr' id='par_1_19' title="bbox 74 2230 1380 2358">
     <span class='ocr_line' id='line_1_35' title="bbox 133 2230 1380 2278; baseline 0.003 -4"><span class='ocrx_word' id='word_1_255' title='bbox 133 2230 188 2274; x_wconf 90' lang='lat' dir='ltr'>Ut</span> <span class='ocrx_word' id='word_1_256' title='bbox 214 2232 312 2274; x_wconf 87' lang='lat' dir='ltr'>hanc</span> <span class='ocrx_word' id='word_1_257' title='bbox 334 2232 547 2275; x_wconf 82' lang='lat' dir='ltr'>doctrinam</span> <span class='ocrx_word' id='word_1_258' title='bbox 569 2237 588 2275; x_wconf 76' lang='grc' dir='ltr'><strong>ὲ</strong></span> <span class='ocrx_word' id='word_1_259' title='bbox 615 2233 819 2276; x_wconf 69' lang='lat' dir='ltr'>chris-tiana</span> <span class='ocrx_word' id='word_1_260' title='bbox 842 2233 1014 2277; x_wconf 68' lang='lat' dir='ltr'>doctrina</span> <span class='ocrx_word' id='word_1_261' title='bbox 1040 2232 1203 2277; x_wconf 81' lang='lat' dir='ltr'>alienam</span> <span class='ocrx_word' id='word_1_262' title='bbox 1235 2243 1380 2278; x_wconf 79' lang='lat' dir='ltr'>evertat</span> 
     </span>
     <span class='ocr_line' id='line_1_36' title="bbox 74 2298 308 2358; baseline -0.013 -13"><span class='ocrx_word' id='word_1_263' title='bbox 74 2298 283 2358; x_wconf 81' lang='lat' dir='ltr'>Apostolus</span> <span class='ocrx_word' id='word_1_264' title='bbox 296 2333 308 2353; x_wconf 93' lang='lat'>‚</span> 
     </span>
    </p>

    <p class='ocr_par' dir='ltr' id='par_1_20' title="bbox 135 2364 1383 2425">
     <span class='ocr_line' id='line_1_37' title="bbox 135 2364 1383 2425; baseline 0.002 -20"><span class='ocrx_word' id='word_1_265' title='bbox 135 2364 336 2421; x_wconf 81' lang='lat' dir='ltr'>Optimum</span> <span class='ocrx_word' id='word_1_266' title='bbox 359 2373 438 2418; x_wconf 86' lang='lat' dir='ltr'>est,</span> <span class='ocrx_word' id='word_1_267' title='bbox 465 2368 586 2422; x_wconf 88' lang='lat' dir='ltr'>inquit</span> <span class='ocrx_word' id='word_1_268' title='bbox 599 2398 610 2416; x_wconf 84' lang='lat'>‚</span> <span class='ocrx_word' id='word_1_269' title='bbox 633 2366 766 2420; x_wconf 62' lang='lat' dir='ltr'>gratis}</span> <span class='ocrx_word' id='word_1_270' title='bbox 783 2369 958 2410; x_wconf 73' lang='lat' dir='ltr'>stabilire</span> <span class='ocrx_word' id='word_1_271' title='bbox 975 2385 1042 2410; x_wconf 81' lang='lat' dir='ltr'>cor</span> <span class='ocrx_word' id='word_1_272' title='bbox 1050 2364 1074 2418; x_wconf 63' lang='grc' dir='ltr'>ξ’</span> <span class='ocrx_word' id='word_1_273' title='bbox 1090 2370 1195 2425; x_wconf 76' lang='lat' dir='ltr'>quasi</span> <span class='ocrx_word' id='word_1_274' title='bbox 1214 2369 1357 2410; x_wconf 88' lang='lat' dir='ltr'>diceret</span> <span class='ocrx_word' id='word_1_275' title='bbox 1373 2384 1383 2408; x_wconf 88' lang='lat'>:</span> 
     </span>
    </p>

    <p class='ocr_par' dir='ltr' id='par_1_21' title="bbox 28 2424 1383 2476">
     <span class='ocr_line' id='line_1_38' title="bbox 28 2424 1383 2476; baseline 0.001 -5"><span class='ocrx_word' id='word_1_276' title='bbox 28 2424 32 2427; x_wconf 11' lang='grc' dir='ltr'>μ</span> <span class='ocrx_word' id='word_1_277' title='bbox 76 2425 208 2472; x_wconf 70' lang='lat' dir='ltr'>Grati·</span> <span class='ocrx_word' id='word_1_278' title='bbox 224 2427 300 2472; x_wconf 78' lang='lat' dir='ltr'>Dei</span> <span class='ocrx_word' id='word_1_279' title='bbox 321 2437 377 2472; x_wconf 89' lang='lat' dir='ltr'>est</span> <span class='ocrx_word' id='word_1_280' title='bbox 395 2431 519 2473; x_wconf 88' lang='lat' dir='ltr'>cordis</span> <span class='ocrx_word' id='word_1_281' title='bbox 543 2430 703 2474; x_wconf 76' lang='lat' dir='ltr'>hummi</span> <span class='ocrx_word' id='word_1_282' title='bbox 717 2431 875 2475; x_wconf 65' lang='lat' dir='ltr'>fulcrum</span> <span class='ocrx_word' id='word_1_283' title='bbox 895 2441 934 2476; x_wconf 85' lang='lat' dir='ltr'>et</span> <span class='ocrx_word' id='word_1_284' title='bbox 953 2433 1251 2475; x_wconf 82' lang='lat' dir='ltr'>stabilimentum</span> <span class='ocrx_word' id='word_1_285' title='bbox 1271 2448 1282 2473; x_wconf 73' lang='grc' dir='ltr'><strong><em>ε</em></strong></span> <span class='ocrx_word' id='word_1_286' title='bbox 1303 2447 1383 2474; x_wconf 87' lang='lat' dir='ltr'>non</span> 
     </span>
    </p>
   </div>
  </div>
 </body>
</html>
