1474 2658
113 92 198 149 342
428 106 559 138 mmzx
580 92 740 138 uenum
768 106 824 138 Εἰ·
853 93 1114 138 ἡεηοιιωι.
1145 129 1152 138 .

111 171 214 206 Deus
237 166 359 204 omnis
382 165 576 215 sapientiae
597 165 693 203 fons.
726 168 928 213 Doctores,
954 165 1068 214 libri,
1090 169 1180 209 sunt
1196 163 1346 223 canales
1362 175 1455 219 'per'

164 237 260 274 quos
279 224 354 262 Dei
372 224 560 273 sapientia
574 223 662 260 fluit
678 225 726 260 ad
743 235 826 261 nos.
843 223 899 261 II.
922 229 983 268 97.

116 284 255 322 Bibens
271 295 361 332 ergo
373 285 420 321 de
432 284 579 330 rivulo,
595 283 735 332 gratias
749 295 818 331 age
831 283 942 321 fonti.
956 287 1001 323 Π.
1016 287 1078 322 67.
1094 285 1189 323 vide
1201 284 1406 336 Sapientia
1417 306 1428 326 2

161 342 334 389 θοι-ιον,
359 342 487 380 Liber.

672 401 863 435 CANCER.

111 485 381 527 Haereticorum
401 494 520 521 sermo
538 482 645 531 quasi
663 493 814 519 cancer.
834 485 877 518 V.
900 485 998 537 257..

697 565 844 599 CANIS.

117 649 216 687 Olim
238 650 311 686 hoc
333 652 412 685 erat
431 658 569 684 nomen
588 645 785 694 gentium3
813 645 880 681 sed
897 655 986 682 cum
1012 642 1125 680 rebus
1148 642 1325 682 translata
1344 648 1432 682 sunt

164 717 336 750 nomina.

115 766 253 801 Gentes
272 773 374 798 nune
394 760 484 807 filii,
506 759 625 796 Judaei
643 761 829 796 vocantur
849 767 980 793 canes..
993 761 1052 796 IV.
1075 759 1163 795 248.
1185 758 1272 794 249.

679 841 866 876 CANTUS.

116 923 180 961 Pie
199 925 237 960 et
255 921 418 960 su‘aviler
436 921 632 959 cantandae
649 922 779 957 laudes
794 921 874 957 Dei.
895 924 955 957 IV.
978 924 1066 958 372.

624 1009 920 1043 CAPILLlTlUM.

117 1093 238 1136 Quare
256 1090 412 1137 longum
433 1080 661 1137 capillitium
679 1085 900 1122 mulieribus
918 1083 1076 1122 datum?
1091 1084 1148 1123 II.
1164 1087 1251 1123 270.
1298 1071 1299 1076 ¹

657 1173 903 1208 CARBONES.

117 1259 305 1296 Carbones
321 1258 462 1306 ignitos
479 1256 802 1306 superimponere.
823 1254 957 1304 Quid?
974 1258 1004 1292 1.
1028 1257 1118 1292 331.

715 1351 850 1384 CARO.
1343 1346 1366 1354 “

119 1435 233 1468 Amor
250 1431 374 1467 carnis
392 1433 429 1467 et
443 1429 648 1466 carnalium
663 1456 674 1475 ‚
694 1433 751 1466 est
769 1429 904 1466 animae
923 1440 1022 1465 mors
1039 1437 1224 1477 praesens,
1249 1430 1287 1465 et
1306 1426 1438 1465 mortis

172 1493 319 1527 aeternae
338 1489 584 1537 principium.
605 1492 632 1526 l.
660 1492 744 1525 187.
769 1489 854 1524 188.

120 1547 190 1585 Hic
209 1559 313 1584 amor
331 1547 402 1584 erit
423 1546 464 1582 in
487 1551 669 1582 aeternum
688 1549 765 1582 Deo
786 1544 1020 1588 contrarius;
1040 1547 1078 1582 et
1092 1544 1174 1582 haec
1192 1543 1439 1582 contrarietas

171 1606 246 1644 erit
273 1609 421 1643 aeternae
439 1605 570 1642 mortis
588 1604 709 1652 origo.
733 1608 761 1642 I.
787 1607 869 1640 188.

124 1665 322 1702 Maximum
337 1664 541 1701 discrimen
555 1663 655 1699 inter
669 1673 748 1700 esse
762 1662 802 1698 in
817 1671 930 1698 carne
943 1687 953 1707 ,
970 1664 1008 1698 et
1023 1661 1124 1698 inter
1137 1659 1346 1698 secundum
1358 1670 1441 1699 car—

174 1732 263 1757 nem
283 1721 422 1758 vivere.
443 1725 471 1757 l.
497 1724 582 1757 184.

125 1778 360 1816 Christianus
379 1782 435 1815 est
454 1778 494 1813 in
513 1788 648 1821 earne3
670 1788 746 1813 non
766 1775 861 1813 vivit
881 1775 1091 1813 secundum
1108 1785 1276 1813 carnem.
1295 1773 1396 1812 Ibid.

668 1861 900 1895 CARNALIS.

129 1935 351 1973 earnalibus
371 1933 497 1971 omnia
515 1932 695 1970 carnalia.

129 1993 226 2030 Hinc
248 1992 462 2042 spirituales
480 2002 626 2039 semper
643 1992 690 2026 ab
708 1989 836 2038 aliquo
854 1990 1093 2027 damnantur.

132 2054 231 2100 Quid
247 2054 435 2102 sphituali
454 2057 544 2090 lunc
564 2050 805 2089 faciendum?
822 2055 884 2087 ΙΙΙ.
908 2054 994 2088 206.
1017 2055 1106 2088 207.

672 2140 884 2178 CASTITAS
891 2168 899 2176 .

132 2226 277 2264 Puritas
292 2229 330 2262 et
349 2225 515 2262 libertas.
539 2229 597 2262 lV.
621 2229 710 2263 446.

133 2283 333 2332 Impuritas
351 2286 407 2318 est
425 2282 599 2318 servitus.

132 2339 240 2378 caste
258 2340 304 2376 de
320 2338 430 2374 rebus
448 2338 656 2374 inhonestis
672 2338 920 2386 loquendum.
942 2340 1002 2372 lV.
1031 2337 1118 2372 448.
1137 2332 1231 2370 Vide
1247 2329 1422 2368 Puritas.

136 2395 294 2434 castitas
307 2394 396 2432 solis
406 2394 625 2439 catholicis,
644 2395 713 2431 Dei
727 2395 868 2443 gnatia,
885 2391 1104 2441 possibilis.
1121 2387 1313 2428 Haereticis
1326 2391 1449 2425 autem

190 2449 445 2502 impossibilis.
467 2454 529 2486 ΠΙ.
554 2455 637 2488 130.
