1474 2658
135 69 220 114 352
447 79 584 111 mnnx
613 77 766 109 mamm
796 79 852 108 m·
881 77 1140 109 vannorum.

136 139 305 178 Christus
322 137 489 187 pontifex
507 148 574 173 suo
594 135 806 174 ministerio
825 148 975 186 semper
991 132 1178 185 fungitur
1198 135 1234 174 1.
1243 139 1339 177 158.

135 198 254 244 nujus
273 194 468 245 pontificis
484 194 704 242 qualitates.
725 194 801 235 VI.
814 197 909 232 1⁴8.

137 254 279 292 Christi
295 252 549 296 sacerdotium
568 256 750 289 aeternum
769 257 837 290 est
860 252 935 292 VI.
959 257 1042 290 147.

135 315 220 347 Duo
240 309 424 347 sacrificia
442 309 604 353 obtulit,
625 314 824 347 cruentum
842 314 880 347 et
895 309 1151 347 incruentum.
1169 307 1248 349 ¹V1.
1274 314 1356 348 148.

136 376 259 409 Unum
278 382 356 408 non
375 371 482 407 obest
503 368 608 407 alteri
621 397 631 415 ,
655 370 732 407 imo
750 383 867 407 unum
882 371 1051 419 applicat
1067 371 1184 409 aliud.
1205 370 1306 408 Ibid.
1343 389 1346 393 ’

137 426 281 465 Christi
323 426 516 476 pontificis
549 426 670 463 nostri
709 427 967 476 praecellentia
1011 438 1125 476 super
1164 428 1337 474 legalem.
1378 426 1452 468 VI.

194 489 278 522 161.

137 546 283 591 Quanta
303 543 415 579 debet
434 553 514 579 esse
533 544 660 578 nostra
678 541 718 578 in
737 553 822 578 eum
840 540 991 579 fiducia.
1013 541 1115 580 Ibid.

137 597 307 634 Christus
320 596 489 645 pontifex
507 596 682 633 Ecclesiae
699 597 966 646 triumphantis
985 602 1022 635 et
1042 597 1252 636 militantis,
1268 597 1369 636 Ibid.

137 656 258 703 Offert
276 655 316 691 in
336 659 508 703 utraque.
529 654 602 694 VI.
629 658 712 693 162.

136 712 266 760 Quid?
284 712 388 750 Ibid.

135 771 255 818 Hujus
271 769 392 806 nostri
410 768 602 817 pontificis
621 768 800 816 dignitas.
825 768 900 807 VI.
927 774 1010 806 168.

137 831 390 880 semetipsum
407 831 550 878 jugiter
572 830 682 867 offert
702 830 742 866 in
763 830 868 866 coelis
886 835 924 866 et
942 831 982 866 in
1005 829 1126 868 terris.
1145 829 1219 869 VI.
1245 833 1329 866 169.

137 891 259 934 Quare
293 891 343 924 et*
367 887 461 935 quid
503 899 572 924 nos
608 886 745 923 docet?
783 886 927 934 praxim
959 886 1046 923 vere
1091 885 1349 923 christianam.
1382 885 1452 925 VI.

192 948 278 981 170.

136 1005 306 1048 Quatuor
323 1002 403 1039 veri
427 1000 619 1049 pontificis
646 1004 766 1046 notae,
793 1011 860 1037 seu
876 1001 1125 1038 characteres.
1144 999 1219 1040 VI.
1248 1004 1336 1044 148.
1369 1003 1452 1038 149.

135 1063 166 1095 Α
184 1063 318 1094 natura
333 1088 342 1104 ,
364 1059 411 1094 ab
432 1058 556 1095 officio
570 1086 580 1106 ‚
597 1059 642 1094 ab
661 1057 799 1095 affectu
813 1086 822 1104 ,
842 1059 888 1094 ab
908 1059 1106 1096 electione.
1127 1058 1228 1096 Ibid.

135 1118 305 1156 Christus
323 1118 588 1167 pontificatum
608 1130 684 1155 non
705 1118 906 1166 arrogavit.
927 1118 1002 1158 VI.
1026 1123 1086 1156 89.

135 1182 166 1212 A
180 1179 257 1212 Deo
272 1180 377 1213 Patre
396 1187 463 1212 suo
481 1179 657 1221 vocatus,
676 1175 871 1212 ordinatus
888 1179 925 1212 et
943 1173 1292 1214 consecratus-Vl.
1314 1178 1374 1212 90.

136 1230 308 1267 Christus
331 1235 457 1267 noster
475 1230 646 1278 pontifex
670 1230 790 1267 oravit
807 1242 876 1279 pro
898 1242 950 1268 se.
970 1230 1046 1270 VI.
1069 1234 1129 1268 91.

135 1292 184 1326 Ut
204 1290 312 1326 nobis
330 1290 575 1334 condoleret,
596 1289 677 1337 pati
696 1289 831 1326 voluit.
852 1288 926 1330 Vl.
952 1293 1012 1327 92.

135 1350 205 1384 Pro
224 1348 334 1384 nobis
352 1347 580 1383 sacrificium
607 1347 757 1383 obtulit.
784 1347 885 1385 Ibid.

135 1409 205 1442 Per
231 1405 443 1453 passionem
469 1408 771 1448 consummatus,
792 1403 912 1459 factus
934 1408 992 1441 est
1013 1415 1125 1440 causa
1149 1406 1286 1440 nostrae
1309 1403 1452 1441 salutis.

187 1461 290 1499 Ibid.

137 1521 307 1558 Christus
333 1520 381 1556 ad
404 1523 570 1556 nostram
596 1518 806 1555 doctrinam
831 1522 869 1555 et
891 1517 1188 1555 consolationem
1205 1528 1349 1566 passus,
1377 1515 1451 1558 Vl.

189 1580 251 1615 97.

137 1631 279 1669 Christi
299 1631 492 1680 pontificis
511 1631 630 1668 nostri
647 1630 830 1678 majestas.
853 1629 927 1668 VI.
950 1635 1010 1667 78.

136 1690 312 1736 Ejusdem
329 1687 520 1725 pontificis
538 1687 657 1723 nostri
677 1686 947 1728 misericordia.
967 1685 1042 1726 Vt.
1065 1690 1125 1723 8ο.

138 1747 277 1784 Christi
290 1745 482 1795 pontificis
498 1746 616 1782 nostri
629 1746 767 1793 duplex
783 1746 941 1781 thronus
954 1745 1103 1792 gratian
1119 1743 1287 1780 tribunal
1301 1741 1455 1780 scilicet

187 1801 422 1851 poenitentiae
435 1828 445 1846 ‚
460 1801 667 1837 etthrouus
680 1799 859 1848 Deiapud
868 1811 980 1847 quem
996 1800 1215 1848 interpellat
1236 1811 1305 1848 pro
1324 1798 1449 1835 nobis.

193 1857 298 1895 Ibid.

139 1917 187 1955 In
204 1916 279 1954 fine
296 1916 382 1952 vitae
402 1920 439 1952 et
457 1914 589 1951 mundi
608 1915 679 1952 erit
698 1917 736 1951 et
753 1915 913 1951 thronus
935 1906 1105 1962 justitiae.
1127 1915 1225 1951 Ibid.

139 1980 209 2012 Pro
242 1974 352 2010 nobis
386 1973 567 2010 continue
580 1999 590 2017 ‚
629 1972 670 2008 in
694 1971 799 2008 coelis
824 1975 862 2008 et
890 1971 931 2008 in
963 1973 1073 2009 terris
1108 1972 1340 2020 interpellat.
1373 1970 1450 2012 VI.

194 2035 281 2069 201.

142 2087 336 2137 Quomodo
355 2086 446 2123 huic
468 2085 630 2123 bonitati
660 2085 1173 2135 correspondendum?1bid.

532 2180 705 2213 CHRISTI
732 2179 1050 2214 PONTIFICATUS
1057 2203 1066 2212 .

141 2256 388 2296 Pontificatus
402 2256 541 2293 Christi
556 2257 783 2294 describitur
801 2257 1015 2294 efficacitas.
1030 2258 1090 2291 vl.
1117 2258 1203 2291 188.

141 2315 387 2363 Pontificatfis
401 2314 540 2351 Christi
557 2327 668 2363 supra
688 2317 847 2363 legalem
866 2313 1112 2352 excellentiae.
1130 2311 1228 2349 Ibid.

142 2376 316 2425 Epitome
335 2376 382 2412 de
401 2374 539 2410 Christi
565 2374 764 2411 sacrificio.
785 2378 845 2410 vl.
871 2378 954 2411 191.

144 2434 311 2473 Christus
321 2445 392 2485 per
401 2438 561 2474 mortem
572 2445 675 2472 suam
684 2437 883 2483 peccatum
894 2444 961 2473 suo
979 2442 1098 2481 regno
1119 2427 1297 2480 privavit.
1318 2430 1347 2466 1.
1366 2428 1455 2464 186.
