1474 2658
83 152 171 204 402
401 160 544 191 minax
578 161 734 192 usuum
768 160 824 192 Εἰ·
858 161 1119 193 venenum·-

84 220 247 259 AEdifieii
275 219 483 284 spiritualis
504 221 546 258 in
571 220 686 260 nohis
707 220 864 259 unicum
891 225 949 259 est
971 221 1286 272 fundamentum,
1302 220 1397 260 fides

135 277 310 314 scilicet
299 289 341 313 m
357 280 487 315 Jesum
505 275 719 315 Christum.

85 334 347 374 Diversimoda
364 334 453 372 vero
471 338 598 384 potest
615 346 695 372 esse
711 335 1048 385 superaedificatio:

87 394 207 442 Super
219 388 311 431 fidei
325 393 611 432 fundamentum
625 397 752 442 potest
768 394 1080 443 superaedificari,
1091 394 1324 440 volantum,
1338 394 1401 432 vel

137 455 361 548 ngntum,
379 455 439 492 vel
455 453 603 502 lapides
616 451 798 505 pretiosi
814 454 874 491 vel
888 452 1056 501 lignum
1073 451 1202 490 fenum
1216 451 1397 501 ‚stipula-

217 513 262 551 72
301 513 345 548 73

87 563 252 661 vigeat
247 567 383 603 doctor
399 578 513 615 quam
531 565 741 603 doctrinam
761 578 875 616 super
893 566 982 604 fidei
1000 567 1289 604 fundamentum
1306 563 1402 603 aedi-

166 628 251 661 cet·

86 686 144 719 An
158 682 207 719 sit
224 683 361 729 solida,
378 695 492 731 pura,
510 684 643 719 lucens
654 711 664 729 ‚
687 681 906 721 aedificans?

88 745 144 779 An
163 753 257 779 vana
270 770 279 787 ‚
299 741 448 779 curiosa
459 769 470 790 ,
497 742 693 791 phalerata
706 768 715 786 ,
742 752 924 790 pomposa
937 767 948 786 ‚
969 740 1018 776 ad
1035 739 1240 788 applausus
1257 735 1401 786 aptior,

138 799 252 848 quam
271 800 319 835 ad
337 798 656 836 aedificationem?
671 799 725 836 11.
748 804 808 838 73.

88 857 223 895 Videat
240 857 363 894 fidelis
376 870 460 906 quae
477 869 591 906 opera
603 857 695 894 fidei
708 857 750 894 in
762 856 949 906 baptismo
971 859 1135 903 receptae
1148 853 1352 891 inaedificet
1363 852 1382 887 ἐ’

89 920 146 953 An
171 914 367 952 charitatis
390 928 542 961 aurum,
572 916 769 964 sapientiae
797 919 1023 963 argentum,
1047 913 1234 951 virtutum
1259 911 1407 959 lapides

138 971 355 1021 pretiosos?
388 976 393 980 '

88 1035 144 1067 An
162 1030 252 1068 vero
271 1041 384 1078 opera
399 1031 498 1067 bona
515 1029 685 1077 quidem,
706 1029 773 1067 sed
786 1027 974 1074 vanitate„
995 1031 1033 1064 et
1048 1024 1132 1064 aliis
1150 1024 1317 1075 peccatis
1328 1035 1404 1075 Je-

137 1090 304 1127 nialibus
316 1088 484 1127 infecta?
501 1088 557 1126 II.
586 1092 646 1127 74.

90 1147 274 1194 Quaelibet
288 1148 415 1186 anima
431 1146 554 1186 fidelis
567 1145 749 1196 templum
764 1150 820 1185 est
833 1146 914 1185 Dei.
930 1146 986 1184 II.
1003 1150 1065 1184 78.
1077 1144 1170 1183 vide
1187 1143 1404 1192 Templum,

140 1204 358 1253 aedificium.

89 1260 267 1301 Cavenda
285 1264 331 1299 ab
349 1262 474 1299 anima
487 1260 606 1299 fideli.
623 1260 678 1299 II.
700 1264 760 1298 22.
779 1260 872 1298 vide
891 1260 1085 1297 Dt‘rector.

651 1364 845 1398 FIDUCIA.

92 1455 199 1493 Unde
215 1453 326 1490 nobis
344 1452 483 1489 fiducia
497 1452 537 1488 in
551 1452 802 1488 anxietatibus
813 1451 1056 1488 conscientiae
1076 1451 1124 1487 ob
1141 1453 1299 1499 peccata
1309 1458 1412 1487 eom-

140 1511 278 1550 missa?

93 1570 183 1619 Quis
200 1567 392 1606 accusabit
410 1566 587 1606 adversus
607 1565 749 1602 electos
762 1564 862 1601 Dei?
881 1568 941 1602 etc
962 1564 1052 1611 Quis
1069 1568 1126 1602 est
1139 1563 1206 1612 qui
1227 1564 1411 1601 condem-

141 1631 208 1664 net
224 1626 239 1661 ?
257 1626 290 1663 Ι.
313 1629 398 1662 209,

92 1685 258 1722 Fiduciae
277 1683 491 1721 christianae
511 1681 667 1720 motiva.
689 1680 720 1718 I.
748 1685 835 1718 212.
885 1689 887 1691 ·

93 1741 257 1780 Fidueiae
269 1740 482 1776 christianae
492 1738 781 1776 fundamentum
793 1765 803 1784 ,
817 1737 906 1775 etin
915 1737 993 1775 vitat
1005 1764 1016 1786 ,
1031 1740 1069 1776 et
1083 1737 1123 1775 in
1133 1740 1255 1776 morte
1263 1747 1413 1786 semper

142 1798 418 1835 meditandum.
438 1796 470 1833 I.
490 1800 576 1833 209.
596 1800 682 1832 210.

93 1859 184 1892 Tota
202 1859 330 1891 saneta
346 1853 508 1888 Trinitas
526 1863 596 1888 nos
609 1856 729 1894 amat,
750 1851 876 1898 fovet,
897 1855 1038 1889 tuetur.
1059 1851 1094 1889 Ι.
1122 1856 1209 1890 210.

95 1918 212 1961 Quem
228 1923 318 1960 ergo
333 1911 392 1948 vel
411 1909 602 1947 hominem
614 1936 625 1957 ,
641 1910 703 1946 vel
722 1908 913 1944 diabolum
929 1909 1149 1947 timeamus?
1167 1909 1282 1948 Ihm.-

593 2013 782 2048 FIGULUS
806 2009 923 2047 Ltm.

96 2106 221 2155 Figuli
239 2104 367 2158 et'luti
381 2103 591 2141 similitudo
611 2103 631 2140 a
649 2103 788 2152 quibus
806 2103 1005 2152 prophetis
1024 2102 1188 2141 usitata?
1206 2102 1241 2141 Ι.
1258 2106 1344 2142 243.

98 2166 198 2212 Quid
211 2164 252 2200 in
267 2165 419 2200 illorum
436 2167 561 2199 mente
575 2161 791 2210 significat?
809 2161 910 2198 Ibid.

99 2222 198 2269 Quid
211 2233 253 2258 ex
276 2225 319 2256 D.
342 2221 453 2256 Paulo
468 2218 658 2267 significat
672 2219 751 2256 haec
767 2219 896 2256 eadem
913 2219 1150 2268 similitudo?
1169 2217 1203 2255 Ι.
1221 2220 1307 2256 243.
1321 2219 1408 2257 244.

97 2280 308 2319 Diserimen
324 2279 423 2315 inter
431 2278 603 2314 homines
614 2282 650 2314 et
663 2279 875 2326 vasalutea,
890 2289 934 2315 ex
946 2278 1036 2327 ipsis
1049 2277 1259 2328 prophetis
1273 2276 1305 2313 Ι.
1321 2279 1407 2314 246.

148 2341 234 2375 247.
254 2339 300 2373 Et
317 2348 360 2373 ex
377 2340 421 2372 D.
442 2337 568 2373 Paulo.
590 2335 691 2374 Ibid.

663 2437 839 2470 IUGERA.

95 2526 143 2568 In
170 2524 288 2566 veteri
315 2527 550 2563 'testamento
583 2524 707 2562 omnia
736 2524 889 2574 sigum,
925 2521 1270 2575 praefigurationes,
1290 2518 1410 2559 rudia
