1474 2658
136 43 227 100 '490
447 54 582 84 lunzx
610 53 767 86 neuun
797 55 854 86 m·
883 57 1142 93 venantum.

137 113 203 153 *Ne
220 124 289 162 per
299 123 368 150 nos
381 115 419 150 ct
431 116 587 162 propter
598 124 682 162 nos,
694 118 825 201 pereat
838 114 905 151 ille
921 126 997 164 pro
1001 125 1081 164 quo
1094 115 1450 196 Chrifitoemortnus

133 207 139 209 „
193 175 314 213 est.1.
336 178 422 213 367.

143 229 291 318 Νὲιὲξι
318 241 388 268 nos
417 230 632 270 destruatur
655 243 752 281 opus
776 233 858 270 Dei.
887 200 1332 284 1.370;11.2sc.11{.
1362 242 1445 277 104.

140 338 183 383 si
200 338 402 375 Ecclesiam
422 338 632 387 suffodere,
653 340 845 378 destiuerc
868 322 1074 393 scelestum
1095 346 1172 390 est,
1192 342 1320 381 multo.
1330 356 1449 393 magis

191 399 223 435 si
240 398 435 447 spirituale
454 400 637 447 templum
651 399 885 445 destruitur,
907 401 1011 448 quod
1024 401 1176 450 templis
1196 401 1450 452 materialibus

195 459 417 507 augustius;
437 471 508 496 nec
537 459 637 495 enim
656 471 725 507 pro
747 461 955 508 parietibus
984 461 1154 498 Christus
1179 467 1350 501 mortuus
1371 466 1446 508 est,

195 517 262 552 sed
279 529 349 565 pro
368 516 628 565 spiritualibus
649 517 811 564 templis.
833 517 868 554 Ι.
892 522 978 555 369.
1002 522 1087 556 310.

144 577 198 611 Ne
216 575 326 611 detur
341 575 578 618 scandalum,
599 573 750 609 alicius
769 574 972 622 aliquando
999 577 1281 615 abstinendum.
1299 578 1333 616 Ι.
1361 583 1446 616 370.

191 632 247 669 ΙΙ.
268 637 350 670 188
1284 641 1291 650 ’

149 694 257 728 Jcsus
279 690 447 726 Christus
466 688 610 738 Judoeis
626 690 856 730 scandalum.
877 688 999 738 Quare
1014 690 1099 729 ?11.
1122 695 1184 728 27.
1199 699 1212 712 ··

695 775 898 809 SCHISMA.

129 840 311 893 ‘schisma
333 853 614 892 Corinthiorum
629 854 758 891 unde?
773 854 829 891 ΙΙ.
852 859 913 891 20.

144 927 220 959 Cur
241 927 313 958 tam
337 924 475 959 acriter
494 922 532 958 in
551 923 649 958 illud
668 922 860 958 invehitur
877 922 1088 968 Apostolus.
1107 922 1163 960 ΙΙ.
1187 927 1248 960 20.
1271 927 1332 961 21.

143 984 280 1015 Omnes
298 984 418 1015 sectas
437 984 472 1015 et
486 979 667 1014 sactiones
685 978 722 1014 in
738 976 902 1013 Ecclesia
915 977 1066 1023 jugulat
1082 979 1300 1026 Apostolus?
1313 979 1368 1017 11.
1387 985 1449 1018 22.

143 1040 190 1073 D.
210 1038 344 1073 Paulus
357 1036 514 1072 unitatis
528 1034 790 1071 ecclesiasticae
804 1033 994 1081 perfectus
1009 1040 1176 1080 amator,
1198 1047 1346 1074 omnem
1365 1037 1452 1074 hor-

192 1099 250 1131 ret
264 1095 412 1143 mystici
433 1094 605 1142 corporis
622 1093 855 1130 scissionem.
875 1091 930 1129 ΙΙ.
948 1096 1008 1128 20.
1028 1095 1088 1128 24.

144 1153 199 1189 Ad
216 1143 261 1188 D.
282 1152 387 1188 Pauli
407 1152 679 1195 imitationem,
700 1149 894 1198 episcopi,
917 1150 1112 1195 doctores,
1143 1151 1349 1189 directores
1364 1152 1454 1190 ani-

194 1224 336 1249 marum
349 1239 360 1258 ,
377 1212 489 1248 etiam
507 1211 700 1247 minimam
715 1210 894 1246 horreant
911 1208 1143 1248 scissionem.
1165 1210 1221 1249 ΙΙ.
1243 1215 1289 1248 22
1311 1239 1316 1244 ,

147 1275 332 1309 Horreant
345 1275 384 1308 et
400 1282 530 1308 omnes
544 1270 678 1306 animm
697 1269 922 1305 christianae.
950 1267 1051 1306 Ibid.

683 1355 903 1389 SOEENTIA.

145 1432 311 1470 Scicntia
331 1434 412 1469 sine
432 1434 635 1477 charitate,
656 1434 798 1470 scienti.
814 1438 851 1469 et
869 1438 907 1470 et
931 1434 1016 1470 aliis
1034 1435 1168 1472 nociva
1192 1438 1248 1472 est
1267 1440 1277 1472 ι’
1296 1435 1453 1481 scienti,

194 1501 305 1538 quem
326 1489 447 1532 inssat;
461 1491 557 1534 aliis,
570 1502 666 1537 quos
686 1490 724 1525 in
738 1495 937 1538 peccatum
960 1492 1158 1538 pertrahit.
1177 1491 1231 1527 ΙΙ.
1262 1496 1343 1528 180.
1369 1498 1452 1530 181.

146 1547 315 1585 Scientia
329 1547 494 1599 inflans,
516 1548 672 1584 scientia
698 1549 910 1584 daemonum
924 1575 932 1591 ,
953 1559 1028 1584 non
1048 1552 1254 1596 pastorum.
1275 1547 1329 1584 ΙΙ.
1354 1554 1439 1587 181.

145 1605 212 1644 Vae
232 1605 295 1641 tali
312 1605 479 1641 scientiae
492 1631 502 1649 ‚
522 1605 610 1652 quia
632 1605 820 1641 diabolica
839 1609 907 1640 est.
931 1604 1031 1640 Ibid.
1428 1639 1434 1645 ,

144 1669 285 1703 Doctor
303 1665 489 1711 tumidus,
509 1665 838 1705 similismaleficis
855 1665 1058 1713 AEgyptiis‚
1078 1665 1145 1712 qui
1169 1669 1327 1714 propter
1354 1665 1458 1704 vesi-

195 1734 256 1760 cas
268 1751 280 1771 ,
299 1735 375 1761 non
390 1727 564 1771 poterant
576 1723 683 1772 {stare
700 1735 824 1760 coram
844 1728 981 1771 Moyse.
998 1722 1102 1759 Ibid.

148 1780 238 1825 Quis
255 1781 376 1816 bonus
395 1780 538 1816 sciendi
557 1779 718 1816 modus?
741 1780 933 1816 humilitas
949 1784 987 1817 et
1001 1780 1176 1816 charitas.
1194 1779 1299 1818 Ibid.

149 1836 247 1883 Quid
262 1836 435 1872 conferat>
445 1837 492 1872 ad
510 1837 612 1871 hunc
627 1838 766 1872 bonum
787 1837 932 1872 sciendi
953 1836 1133 1872 modum?
1151 1836 1358 1872 recordatio
1370 1847 1458 1873 con·

198 1893 306 1930 tinua
325 1892 383 1941 pii
401 1893 505 1941 icipii
524 1897 562 1928 et
580 1892 664 1929 finis
682 1893 859 1928 scientim.
878 1892 934 1929 ΙΙ.
959 1896 1041 1929 182.

149 1950 252 1987 Finis
275 1951 439 1999 scientiae
458 1954 514 1986 est
534 1949 734 1986 :edificatio
751 1949 928 1997 proximi.
949 1950 1050 1986 Ibid.

151 2012 208 2044 De
223 2009 440 2045 doctoribus
454 2008 555 2045 idem
575 2007 677 2054 quod
696 2007 743 2043 de
761 2007 942 2043 divitibus
959 2006 1175 2044 (licendum.

154 2067 262 2103 Sient
279 2067 318 2102 hi
337 2067 552 2103 divitiarum
574 2078 650 2102 non
670 2070 758 2102 sunt
776 2064 942 2109 domini,
961 2065 1026 2101 sed
1040 2064 1286 2111 depositarii,

154 2127 207 2159 Ita
226 2123 327 2159 docti
346 2135 420 2159 non
441 2127 527 2158 sunt
546 2122 787 2171 proprietarii
806 2123 974 2158 scientiae
987 2151 996 2168 ,
1015 2122 1082 2159 sed
1099 2121 1334 2170 depositarii.
1359 2122 1460 2161 Ibid.

157 2180 287 2215 Modus
305 2179 447 2214 sciendi
463 2191 506 2221 ex
523 2184 568 2216 D.
592 2178 730 2215 Thomfi
746 2182 784 2216 et
801 2183 845 2215 D.
868 2179 1070 2216 Bernardo.
1087 2177 1191 2216 Ibid.

156 2240 267 2272 Bonae
284 2235 450 2272 scicntia}
469 2236 611 2272 fructus
625 2264 635 2283 ,
653 2242 799 2283 gratum
818 2241 895 2272 Deo
915 2236 1050 2273 facere.
1074 2235 1174 2273 Ibid.

162 2290 273 2329 Sicut
291 2292 329 2328 in
346 2291 476 2330 Verbo
495 2294 624 2331 divino
637 2294 804 2342 Spiritus
822 2295 943 2332 suncti
958 2293 1236 2343 comprincipio
1253 2294 1466 2343 complacet

210 2348 283 2385 sibi
299 2353 406 2386 Pater
420 2355 600 2398 aeternus,
621 2353 676 2388 sic
690 2353 708 2387 a
725 2353 971 2400 proportione
984 2380 994 2398 ,
1016 2353 1055 2388 in
1075 2353 1250 2398 doctore,
1271 2351 1467 2390 charitatis

212 2409 450 2455 promotore,
476 2410 686 2457 complacet
703 2409 775 2445 sibi
795 2414 908 2446 Deus.
928 2408 984 2446 11.
1008 2413 1092 2449 183.
