1474 2658
6 107 7 110 ,
330 77 460 109 monx
490 78 647 110 mum
676 80 733 110 ΕΤ
768 80 1033 111 vnnnonum.
1250 70 1333 122 44¹

27 137 128 186 Quid
145 135 291 175 diceret
307 137 354 174 de
371 137 602 175 scandalosis
614 142 824 174 nostrarum
842 139 1109 176 nuditatibus?
1127 139 1179 178 ΙΙ.
1197 145 1284 179 271.

24 195 245 235 utilioribus
271 195 432 233 maxime
464 197 750 241 commendatur
779 197 820 232 in
850 197 1018 235 vestibus
1053 198 1251 236 modestia.
1272 202 1333 236 V.

77 258 92 290 1
104 258 163 291 12.
535 291 538 295 .

23 315 147 353 Luxus
161 310 399 361 prohibetur.
419 310 516 348 ibid.
541 311 634 349 vide
648 308 858 347 Modestia.
878 309 1032 346 Luxus.

24 369 95 404 Per
113 367 289 404 mulieres
305 370 503 416 coeperunt
523 377 655 404 omnes
671 367 844 404 haereses.
859 369 903 402 V.
921 370 963 402 27
971 371 1007 402 6.

23 417 223 467 Mulierum
245 428 302 463 est
317 425 470 474 decipi,
497 425 707 474 praesertim
730 425 761 462 si
778 426 944 474 peccatis
962 428 1137 462 oneratae.
1158 429 1200 462 V.
1221 429 1307 463 276.

585 510 783 543 MUNERA.

23 585 132 636 Qona
150 586 199 622 ad
223 567 435 634 exemplum
454 588 500 622 D.
526 585 631 622 Pauli
649 583 862 633 respuenda
880 582 1054 631 quidem,
1084 588 1121 620 at
1139 584 1220 622 siue
1243 596 1337 621 con-

74 645 246 691 temptu,
270 641 346 678 imo
364 652 452 678 cum
471 640 703 689 gratitudine
719 643 756 676 et
769 638 923 675 affeetu.
939 636 1016 674 111.
1038 642 1124 675 236.

396 718 694 755 MUNICIPATUS
721 715 975 751 COELESTIS.

22 792 60 829 S.
82 793 219 828 Paulus
235 802 275 828 se
292 792 475 828 coelorum
489 791 611 828 civem
624 794 663 827 et
680 789 909 837 municipem
929 787 1172 824 considerans
1185 816 1195 834 ,
1211 793 1338 826 mente

72 850 249 887 εἴσω-(19
266 850 286 885 ὸ
305 850 466 886 terrenis
487 848 713 894 abstractus,
736 846 898 885 coelestia
921 843 1134 892 cogitabat,
1156 847 1337 895 diligebat

58 908 299 944 -et-eunbat.
315 907 390 947 IV.
412 911 502 945 261.
527 912 546 944 2
560 911 623 944 63.

22 967 166 1004 Eodem
182 966 386 1012 insignitus
403 967 563 1013 honore,
584 966 715 1003 eadem
734 975 886 1013 perage.
901 970 987 1004 263.

460 1053 579 1087 UNUS
605 1052 942 1087 EVANGELICUM.

22 1126 79 1163 Ad
96 1125 190 1175 quid
208 1124 404 1163 ordinetur
424 1123 687 1171 evangelicum
706 1123 872 1160 munus?
887 1124 957 1162 IV.
980 1128 1039 1162 81.
1063 1129 1123 1162 88.

21 1185 269 1232 Evangelistae
287 1188 375 1220 sunt
392 1184 491 1221 inter
510 1182 703 1227 homines,
723 1183 828 1231 quod
857 1183 987 1231 angeli
1004 1183 1218 1233 superiores
1236 1181 1336 1219 inter

70 1242 287 1280 inferiores.
309 1241 411 1278 Ibid.

22 1301 159 1348 Angeli
175 1302 313 1338 nolunt
330 1301 376 1337 ab
394 1299 576 1348 apostolis
593 1299 755 1335 adorari.

25 1360 204 1397 Conversi
221 1363 310 1396 sunt
323 1359 392 1396 Dei
410 1357 572 1407 apostoli
588 1361 627 1394 et
643 1356 865 1404 angeli.1V
888 1360 950 1393 81.
967 1356 1062 1393 Vide
1075 1353 1256 1404 Apostoli
1266 1356 1338 1391 mi-

69 1417 218 1462 nister,
237 1415 335 1459 Dei,
354 1415 614 1459 Animarum,
631 1413 842 1450 Ecclesiae.
861 1413 1128 1452 Ministerium
1147 1412 1338 1459 Evanqe-
1395 1457 1400 1460 ,

69 1473 184 1511 licum
197 1502 207 1520 ,
230 1473 577 1511 Ecclesiasticum.

554 1557 581 1587 N
655 1555 767 1594 ‚DUS.

21 1621 240 1658 Divinitatis
258 1626 313 1659 est
328 1621 448 1667 liber,
468 1623 665 1671 speculum
683 1622 898 1659 divinorum
909 1648 919 1667 ‚
941 1620 1081 1658 musica
1098 1612 1218 1659 Deum
1235 1631 1336 1671 prae-

71 1679 213 1716 dicans.
233 1679 269 1717 Ι.
294 1685 355 1718 23.
381 1684 442 1718 24.
462 1680 566 1720 Vide
585 1680 820 1729 Philosophi.

18 1740 178 1776 Mundus
189 1739 209 1774 a
219 1737 436 1776 Christiano
450 1734 675 1783 horrendus,
696 1739 899 1786 fugiendus
910 1738 1008 1775 sicut
1019 1737 1237 1775 cruciarius.
1255 1736 1332 1775 III.

70 1800 157 1836 478.

18 1851 67 1889 ln
83 1852 161 1888 sola
185 1863 297 1889 rcuce
311 1863 398 1889 cum
415 1854 596 1901 Apostolo
609 1852 766 1900 gloriari
784 1852 897 1889 debet
913 1851 1162 1890 Christianus.
1178 1852 1279 1891 Ibid.

19 1912 120 1946 Deus
138 1911 313 1960 reprobat
325 1922 411 1958 quae
428 1911 592 1947 mundus
610 1910 782 1947 aestimat.

18 1971 178 2006 Mundus
201 1970 436 2018 sapientiam.
457 1972 682 2019 potentiam,
702 1970 942 2007 nobilitatem
960 1970 1142 2007 aestimat:
1163 1971 1243 2009 haec
1261 1971 1332 2008 tria

70 2032 169 2065 Deus
185 2029 328 2075 sprevit
343 2027 384 2063 in
401 2028 599 2064 hominum
618 2029 738 2064 salute
755 2027 1009 2075 procuranda.
1031 2026 1087 2063 11.
1115 2030 1175 2063 29.
1203 2031 1265 2064 32.-

17 2084 106 2121 Mira
125 2083 259 2120 mundi
279 2084 465 2131 reparatio
484 2084 492 2119 Ε
511 2084 577 2132 qui
595 2095 636 2121 ex
655 2083 777 2120 nihilo
801 2083 891 2120 fecit
914 2082 1060 2129 omnia,
1085 2093 1129 2120 ex
1148 2083 1330 2132 privatio-

68 2145 182 2181 nibus
193 2143 380 2192 reparavit
393 2144 531 2181 omnia.

17 2206 86 2241 Per
111 2200 335 2249 insipientes
364 2201 495 2237 docuit
524 2201 732 2250 sapientes3
768 2212 836 2249 per
854 2200 1023 2238 infirmos
1046 2201 1237 2249 superavit
1258 2213 1331 2250 po-

66 2263 210 2303 tentes3
234 2270 303 2308 per
329 2259 517 2307 ignobiles
545 2271 694 2298 omnem
717 2259 935 2297 humiliavit
958 2259 1242 2298 sublimitatem.
1271 2259 1327 2297 ΙΙ.

67 2320 130 2354 29.

441 2370 584 2403 MUNDI
602 2370 904 2404 CONTEMPTUS.

25 2435 109 2474 Tria
129 2435 231 2475 elme
238 2439 432 2484 penetrata
449 2437 584 2474 mundi
604 2437 807 2474 vanitatem
827 2429 1073 2486 patefacient.
