1430 2658
375 82 564 131 romu
591 69 1378 134 nx11051T10.Cap.1X.201

66 146 193 213 Εῦψ
202 145 342 192 mnndi
360 151 554 203 appareat
582 146 715 188 vultui
741 145 823 186 Dei
833 158 905 198 pro
934 142 1060 197 nobis,
1076 137 1125 190 f.
1141 145 1218 200 24,
1236 144 1276 188 id
1302 152 1377 204 est,

49 203 108 256 -πὶ
126 211 372 268 apparendo,
394 217 478 254 oret
499 217 539 253 et
558 210 773 265 interpellet
794 223 864 264 pro
887 210 1015 251 nobis

0 319 6 326 ‚
122 271 207 317 Per
223 274 424 317 vulnerum
439 275 597 330 vestigia
626 275 666 314 in
686 287 847 328 corpore
867 280 1083 324 reservata,
1106 274 1212 329 quasi
1235 287 1303 331 per
1321 280 1378 316 tot

64 353 153 392 ora,
171 342 326 383 veniam
342 339 502 396 postulat
522 353 592 394 pro
616 339 755 380 nobis:
772 351 925 394 semper
943 344 1151 380 reservatae
1171 341 1210 380 in
1235 336 1377 382 Christi

66 417 226 461 corpore
236 404 389 461 plagae,
411 404 537 447 salutis
566 403 744 446 humanae
763 404 920 458 exigunt
940 405 1102 458 pretium
1127 411 1165 446 et
1183 403 1377 448 obedien-

64 467 365 511 liaedonativum
385 470 605 523 requirunt,
624 469 675 510 ait
693 475 823 509 auctor
841 482 956 510 serm.
972 466 1021 509 de
1033 464 1147 523 Bapt.
1169 465 1262 512 Chr.
1278 470 1377 515 inter

64 543 182 590 opera
200 537 320 578 saneti
338 532 537 591 Cypriani.

121 597 214 642 Hoc
237 615 305 655 per
323 600 441 642 fidem
458 599 639 650 edoctus,
658 602 826 641 animum
846 606 885 641 et
903 614 1014 654 spem
1037 601 1077 641 in
1098 597 1228 642 Deum
1246 601 1370 654 eriges

61 678 200 720 appare
217 676 320 720 sape
341 662 430 707 Deo
450 678 538 707 cum
560 660 739 714 Christo;
766 678 831 705 ora
853 678 939 706 cum
963 666 1072 720 ipso,
1091 666 1130 706 in
1149 666 1232 720 ipso
1252 670 1290 706 et
1305 677 1374 719 per

61 731 200 785 ipsum.

117 793 197 839 Per
215 796 296 848 ejus
318 795 473 838 vulnera
496 809 564 852 pro
584 801 621 837 te
639 797 792 837 veniam
821 795 989 852 postula,
1007 802 1049 837 ut
1075 803 1277 851 peccator3
1301 811 1370 854 pro

59 858 138 903 aliis
152 890 166 913 ,
184 866 226 903 ut
243 861 434 903 sacerdos.

112 923 246 983 Junge
266 942 405 970 vocem
424 934 525 970 tuam
546 928 633 968 voci
653 923 793 969 Christi
812 927 1098 983 interpellantis.

115 986 248 1046 Junge
269 1007 334 1034 cor
354 1000 460 1035 tuum
483 992 682 1034 vulnerato
702 992 808 1034 cordi
834 990 976 1035 Christi
998 1008 1069 1049 pro
1097 1000 1134 1036 te
1153 993 1369 1049 deprecan-

37 1056 128 1107 ‘tis‚
149 1070 334 1112 suamque
356 1063 520 1098 mortem
540 1060 864 1113 repraesentantis.

117 1122 227 1178 Quid
248 1140 328 1167 non
346 1126 516 1168 obtineat
538 1132 612 1168 tam
633 1133 784 1168 sanctus
803 1123 1011 1184 Pontifex,
1032 1133 1110 1169 tam
1127 1133 1370 1181 potensme-

56 1187 203 1239 diator,
227 1189 387 1231 salutern
420 1196 590 1231 nostram
610 1191 660 1232 ita
683 1190 835 1243 zelans,
855 1197 895 1232 ut
914 1204 999 1232 eam
1023 1205 1092 1246 per
1118 1205 1185 1233 sua
1212 1190 1368 1236 vulnera

57 1252 255 1307 postulet?
827 1285 834 1286 ff

110 1313 195 1359 Ora
211 1319 340 1372 itaque
356 1319 395 1358 in
415 1315 593 1371 Christo,
614 1333 701 1361 curn
721 1316 874 1361 Christo
893 1326 931 1362 et
949 1334 1016 1375 per
1037 1316 1246 1362 Christum.

112 1381 261 1424 Promis
282 1383 370 1425 νενὲ
386 1382 618 1434 christiana,
637 1387 729 1439 quia
749 1392 806 1426 cst
822 1386 942 1439 ipsius
966 1382 1126 1428 Christi.

110 1445 304 1491 continue
334 1446 508 1491 Christus
528 1450 706 1505 pontifex
724 1458 856 1494 noster
875 1458 1031 1507 apparet
1058 1451 1176 1493 vultui
1197 1448 1275 1492 Dei
1295 1464 1365 1506 pr·

52 1516 187 1565 nobis;
210 1522 249 1558 et
269 1523 308 1558 tu
323 1548 335 1568 ‚
356 1515 556 1558 christiane
570 1548 582 1568 ,
602 1517 701 1559 hanc
718 1520 938 1559 continuam
957 1515 1100 1559 Christi
1122 1532 1192 1572 pro
1212 1524 1251 1559 te
1268 1531 1363 1559 cru—·

48 1581 151 1623 cifixi
170 1581 403 1623 oblationem
425 1579 515 1622 Deo
533 1583 682 1636 jugiter,
703 1585 734 1624 si
755 1590 885 1637 potes,
906 1581 1017 1636 offer,
1034 1589 1071 1624 et
1088 1596 1155 1637 per
1174 1596 1260 1624 eam
1275 1579 1362 1625 Deo

44 1644 166 1686 redde
186 1659 270 1700 quae
287 1644 406 1686 debes
424 1645 614 1700 religionis
633 1646 771 1689 officia.

103 1706 277 1761 Quatuor
293 1717 381 1751 sunt
411 1709 498 1752 haec
524 1710 715 1766 religionis
750 1711 877 1754 officia
897 1730 907 1755 :
928 1712 1128 1763 adoratio,
1159 1713 1359 1768 gratiarum

47 1775 146 1817 actio
159 1804 172 1827 ‚
197 1776 365 1830 expiatio
379 1806 391 1828 ‚
418 1766 563 1830 petitio.

585 1886 822 1917 AnonA‘rto.

96 1969 135 2014 E
155 1971 276 2014 nihilo
294 1978 439 2014 creatus
467 1976 496 2019 a
522 1972 612 2017 Deo
647 1981 685 2016 et
715 1977 753 2016 in
781 1989 864 2016 esse
899 1981 1149 2017 conservatus
1183 1975 1231 2016 ab
1268 1973 1354 2023 illo,

40 2034 212 2080 Creatori
245 2044 283 2079 et
303 2043 562 2082 conservatori
598 2049 662 2083 tuo
696 2041 818 2084 debes
844 2041 1024 2096 gloriam,
1066 2041 1354 2091 adorationem,

38 2101 216 2152 laudem,
240 2105 514 2154 reverentiam,
534 2112 609 2146 etc.

97 2165 227 2209 Deum
250 2181 340 2221 ergo
363 2165 656 2221 glorificaturus,
675 2172 785 2213 unire
816 2185 882 2227 per
905 2171 1024 2213 fidem
1045 2173 1175 2214 vivam
1198 2169 1355 2213 Christo

39 2233 215 2288 pontifici
246 2240 335 2282 tuo,
364 2231 492 2275 Deum
525 2237 563 2276 in
595 2236 698 2278 coelis
729 2237 877 2279 infinite
907 2238 1130 2292 glorificanti
1170 2252 1239 2291 per
1274 2250 1354 2278 sum

36 2299 169 2342 mor'tis
187 2303 580 2356 repraesentationem‚
598 2309 638 2344 et
657 2305 695 2344 in
714 2305 821 2345 terris
837 2318 903 2359 per
920 2306 1125 2360 mysticam
1144 2317 1225 2345 suae
1242 2317 1355 2345 mor—-

34 2366 84 2425 iis
110 2368 433 2408 continuationem
469 2369 508 2409 in
540 2370 776 2411 sanctissima
811 2368 1072 2419 Eucharisti53
1106 2368 1261 2412 Christo
1299 2371 1355 2410 sic

35 2427 160 2474 unitus
172 2463 185 2486 ‚
205 2431 301 2477 osser
317 2429 406 2475 Deo
429 2448 586 2477 omnem
609 2450 722 2490 quam
740 2436 791 2478 illi
808 2434 982 2479 Christus
998 2437 1123 2479 reddit
1137 2436 1297 2491 gloriam
1314 2442 1353 2477 et
