1474 2658
626 8 630 12 ι
719 10 721 14 ν
1170 0 1197 11 '⁴
1217 0 1238 14 7.»
1258 0 1474 26 *sssssss‘fffllss'ffiss'aeff

121 41 208 88 386
424 55 559 86 mnex
593 54 749 86 limum
783 57 840 88 ΕΤ
869 57 1136 90 vencnum.
1316 32 1318 34 ¹
1438 31 1442 41 ⁵
1468 32 1470 40 ¹

117 120 164 155 D.
179 115 283 153 Pauli
301 114 417 164 gratis
435 114 639 162 ministret,
653 119 696 153 ut
711 119 812 154 Deus
828 116 878 154 sit
894 121 972 154 tota
986 127 1129 156 merces
1150 115 1268 180 illius.
1279 117 1336 159 11.
1344 123 1436 161 207.

171 179 262 211 209.

117 233 241 270 Altera
275 232 483 282 perfectio,
513 232 569 280 si,
600 233 699 271 sicut
728 237 772 271 D.
805 235 961 281 Paulus,
995 210 1172 282 omnibus
1201 235 1328 280 omnia
1344 235 1430 276 fiat.

168 291 224 328 Π.
245 294 331 328 210.
352 297 440 330 211.
463 296 551 329 212.

470 377 814 411 ECCLESIASTICA
840 378 1077 413 POTESTAS.

116 455 389 494 Ecclesiasticae
407 456 604 504 potestatis
623 456 730 504 origo
742 483 752 502 ,
775 457 844 494 Dei
863 458 1052 494 voluntas.

114 517 173 554 Ad
189 516 294 565 illam
314 516 520 564 requiritur
537 515 605 552 Dei
632 515 794 553 vocatio.
815 519 859 552 V.
881 521 941 553 72.
964 520 1023 552 73.
1047 519 1108 554 89.

114 575 234 623 nujus
250 572 538 622 potestatisfmis
562 577 618 610 est
630 574 728 609 salus
742 573 938 610 hominum
964 573 1215 622 procuranda.
1231 577 1274 611 V.
1291 578 1352 613 73.
1372 579 1431 613 89.

115 633 173 670 Ad
192 637 389 681 utramque
414 634 606 670 veritatem
626 632 795 671 attendat
811 633 986 669 Ecclesiae
1007 633 1190 670 minister.
1210 632 1312 671 Ibid.

114 691 291 727 Ecclesiae
318 691 490 727 minister
516 691 629 726 debet
656 700 761 737 esse,
790 689 889 726 sicut
919 690 1439 739 Timotheus,apostolorum

164 748 268 786 filius
288 761 500 797 germanus.
522 753 564 785 V.
595 754 655 786 73.
679 753 739 785 89.
1459 747 1464 750 ’

113 809 386 847 Ecclesiasticae
402 807 598 856 potestatis
612 806 698 843 finis
716 811 772 843 est
789 806 1004 844 aedificatio.

113 867 212 903 Hinc
238 878 386 915 semper
411 867 589 914 prodesse
614 866 726 901 debet
750 866 947 913 praelum,
977 875 1171 911 nunquam
1194 875 1346 902 nocere.
1375 863 1437 901 ΙΙ.

168 933 254 966 210.
283 932 371 964 216.

113 992 146 1024 Α
163 988 324 1023 Domino
348 986 456 1022 datur
478 983 560 1020 haec
578 987 758 1032 potestas,

112 1046 212 1083 Hinc
237 1047 258 1082 a
284 1044 462 1081 fidelibus
486 1042 700 1079 honorandi
728 1040 963 1090 superiora,
994 1041 1042 1077 ob
1068 1040 1167 1077 hanc
1193 1043 1433 1089 potestatem.

235 1133 242 1141 .
295 1108 352 1140 10.

114 1103 376 1201 DeIiIJolZntas
392 1164 430 1198 et
446 1160 599 1208 quidem
617 1157 862 1205 beneplaciti,
883 1158 996 1194 debet
1011 1167 1091 1194 esse
1103 1157 1301 1205 dignitatis
1315 1159 1438 1196 eccle-

166 1221 324 1258 siasticae
342 1221 461 1267 origo.
477 1219 539 1256 ΙΙ.
567 1222 624 1254 14.

115 1273 172 1316 Ad
190 1291 293 1315 suam
318 1278 445 1325 itaque
463 1276 701 1314 vocationem
724 1275 893 1311 attendat
910 1274 1086 1311 Ecclesiae
1107 1275 1298 1318 minister,
1322 1277 1439 1310 etat-

163 1337 295 1373 tendat
311 1348 359 1371 an
378 1346 446 1382 per
464 1335 530 1370 Dei
548 1335 805 1379 voluntatem,
826 1345 871 1368 an
891 1332 1101 1368 seeundum
1118 1332 1185 1370 Dei
1201 1331 1436 1400 indignatio-

164 1405 275 1438 nem,
295 1393 342 1428 sit
360 1393 399 1427 in
418 1390 665 1428 ministerium
685 1391 889 1436 ingressus.
913 1390 1009 1426 lbid.

111 1451 207 1489 vide
235 1449 275 1487 V
275 1451 414 1493 ocatm,
438 1447 701 1484 Ministerium
721 1448 1050 1484 ecclesiasticum.

619 1534 807 1567 ELECTIO
833 1533 910 1565 DEI
916 1558 924 1566 .

114 1625 211 1658 Fons
229 1616 397 1654 omnium
416 1612 748 1658 benedictionum,
771 1610 907 1648 electio
926 1609 1007 1647 Dei.
1031 1609 1104 1650 IV.
1131 1613 1190 1646 11.

114 1679 172 1717 Ad
187 1676 280 1729 quid
301 1672 442 1719 elegit?
460 1672 563 1708 Ibid

113 1738 215 1770 Deus
233 1729 482 1768 benedicitin
500 1733 681 1775 tempore,
703 1726 801 1762 sicut
820 1725 996 1772 elegitab
1018 1728 1174 1763 aeterno.
1194 1722 1270 1764 IV.
1297 1727 1354 1762 10.
1375 1726 1434 1761 11.

114 1790 214 1837 Eligi
233 1789 280 1823 ad
298 1786 533 1822 sanctitatem
549 1789 586 1821 et
605 1785 652 1819 ad
668 1783 831 1819 filiorum
846 1782 1115 1830 adoptionem,
1134 1791 1254 1816 unum
1275 1783 1314 1817 et
1333 1779 1442 1817 idem.

170 1850 240 1883 est.
259 1842 332 1881 IV.
355 1847 414 1880 13.

114 1905 212 1942 Laus
226 1907 263 1940 et
281 1902 401 1949 gloria
419 1901 487 1937 Dei
506 1899 591 1935 finis
609 1903 665 1935 est
685 1897 883 1934 electionis
902 1900 1052 1933 nostrae.
1074 1895 1148 1935 IV.
1175 1898 1234 1932 14.
1254 1923 1256 1925 -

115 1967 189 1999 Nos
201 1965 300 1997 Deus
315 1958 444 2005 elegit,
463 1969 541 1993 nou
559 1957 647 2004 quia
667 1955 800 1998 sancti,
823 1956 888 1990 sed
907 1958 947 1990 ut
962 1954 1084 1990 sancti
1101 1953 1231 1989 simus.
1247 1950 1321 1990 IV.
1350 1956 1411 1990 15.

113 2021 238 2068 Elegit
255 2031 337 2063 nOS,
354 2022 396 2054 ut
412 2016 532 2052 sancti
551 2017 683 2057 simus,
701 2015 747 2049 de
767 2014 866 2050 facto
885 2018 1009 2050 tamen
1026 2012 1135 2048 multi
1150 2023 1230 2048 non
1248 2010 1385 2048 sancti.

113 2082 200 2114 Haec
219 2078 345 2123 itaque
364 2074 500 2110 electio
519 2072 795 2115 conditionata,
811 2083 887 2107 non
908 2072 1092 2109 absoluta.
1113 2069 1217 2107 Ibid.

112 2139 158 2174 D,
181 2136 314 2171 Paulus
327 2135 367 2170 in
386 2133 543 2181 epistola
562 2132 610 2167 ad
636 2130 815 2178 Ephesios
834 2130 912 2176 agit
941 2130 989 2166 de
1007 2129 1195 2165 electione
1215 2130 1253 2164 et
1271 2127 1438 2175 ptaedes-

173 2194 359 2231 tinatione
376 2194 422 2226 acl
443 2190 599 2237 gratiam
614 2217 624 2234 ‚
643 2189 690 2224 ad
704 2188 954 2232 sanctitatem,
975 2187 1024 2222 ad
1045 2185 1382 2223 christianismum.

112 2256 195 2289 Non
207 2250 284 2296 agit
299 2250 344 2284 de
359 2248 629 2296 quaestionibus
648 2247 687 2281 in
702 2246 830 2281 schola
849 2255 950 2280 nuuc
963 2243 1129 2292 agitatis.
1149 2242 1224 2283 IV.
1245 2246 1304 2280 16.

113 2309 287 2348 Miranda
306 2307 373 2342 Dei
392 2306 553 2341 charitas
573 2304 612 2341 in
628 2304 697 2340 hac
709 2302 836 2339 nostrai
854 2303 902 2338 ab
915 2306 1058 2340 aeterno
1073 2301 1263 2339 electione
1280 2298 1328 2335 ad
1346 2309 1435 2346 gra-

165 2366 271 2403 tiam.
294 2362 367 2404 IV.
389 2367 447 2400 17.
