1430 2658
159 106 232 133 1¹2
516 89 726 122 EPISTOLAE
755 89 812 120 AD
841 86 1079 120 ΗΕΒΚΕΟΕ

207 159 295 202 Hoc
313 161 408 199 inter
423 151 656 209 Baptismum
678 158 715 194 et
730 148 1001 193 Paenitentiam
1022 149 1228 195 disoeimen
1241 150 1345 198 bene
1361 155 1430 198 di..

151 237 216 264 vus
230 218 515 272 Chrysostomus
541 214 724 268 explicat,
743 213 898 255 dicens:

202 283 429 333 Renovare,
447 295 512 322 seu
530 293 651 320 novos
672 278 817 330 facere,
846 278 960 319 solius
982 284 1039 320 est
1055 235 1271 334 Baptismi·
1291 277 1430 327 Feni-

142 348 265 389 tentiae
282 352 406 386 autem
424 351 478 385 est
496 357 559 384 eos
579 345 640 396 qui
658 345 749 384 novi
772 341 859 383 sacti
883 348 988 396 sunt,
1013 348 1050 384 et
1064 345 1086 384 ὲ
1103 346 1279 397 peecatis
1281 344 1430 393 deiude

139 414 453 459 inveteraverunt,
475 411 496 448 a
517 413 701 448 vetustate
724 406 883 449 liberare
901 406 1036 462 (quasi
1053 406 1198 453 diceret
1217 408 1340 456 {Non
1357 427 1430 457 m.

139 484 279 528 novat,
309 477 376 518 sed
398 478 506 530 quasi
525 475 721 526 resarcit).
1114 494 1117 498 ·
1286 495 1288 498 ·

194 541 315 593 Addit
329 542 430 583 idem
452 538 761 592 Chrysostomus.

191 608 255 652 Ad
269 609 364 650 ittum
382 614 526 655 autem
550 606 588 646 id
606 612 687 655 est,
715 606 762 647 a]
780 607 948 661 priorem
975 607 1222 663 sptendorem
1240 625 1322 654 non
1340 612 1430 658 licet

134 674 340 715 reducere.
358 671 428 711 ittic
444 671 543 711 enim
562 675 682 710 totum
699 676 758 711 est
778 672 908 724 gratia.

187 737 301 791 Quasi
335 737 501 778 diceret:
534 733 667 776 Homo
697 750 765 790 per
802 733 1042 790 Baptismum
1062 744 1288 790 renovatus,
1322 746 1427 784 totus

127 813 182 848 est
198 808 310 860 gratia
331 820 339 844 ι
362 804 475 845 initio
501 803 592 844 nihil
613 810 730 845 restat
746 818 819 846 nec
842 803 960 858 cutpae
974 835 987 856 ,
1005 817 1081 846 nec
1110 819 1239 859 poenoe
1256 805 1426 852 solven-

128 873 184 914 dae
206 887 215 910 t
239 872 285 912 ad
304 869 403 911 hunc
421 869 663 923 splendorem
679 884 757 911 non
783 870 929 912 reducit
952 867 1207 921 Poenitentia3
1236 874 1293 915 sic
1313 877 1424 918 enim

126 938 270 994 eulpam
292 937 415 985 delet,
445 941 483 976 ut
504 949 583 975 non
603 949 756 977 omnem
792 950 947 990 poenam
980 936 1171 980 ordinarie
1188 937 1367 982 dimittat.
1399 957 1402 962 ·

181 1002 312 1044 Homo
341 1016 406 1055 per
430 998 667 1054 Baptismum
689 1008 892 1043 renovatus
909 1033 921 1053 ‚
942 1001 1060 1055 culpis
1081 1009 1119 1044 et
1139 1004 1264 1058 poenis
1287 1007 1422 1047 omni*-

119 1069 188 1110 bus
206 1067 364 1108 dimissis
383 1097 393 1116 ‚
423 1079 574 1106 securus
593 1073 650 1106 est
672 1065 720 1106 de
740 1063 806 1106 sua
819 1065 937 1107 salute
957 1063 1111 1107 aeterna.

173 1131 262 1174 Non
282 1134 329 1173 ita
349 1132 397 1173 de
419 1133 650 1183 poenitente,
672 1133 736 1186 qui
755 1145 948 1186 nunquam
966 1131 1015 1173 de
1033 1128 1148 1174 venta
1164 1145 1318 1175 securus
1332 1139 1414 1186 est,

116 1199 178 1253 qui
199 1204 236 1238 et
254 1195 302 1236 de
322 1196 524 1249 propitiato
555 1201 709 1249 peccato
730 1209 810 1236 non
840 1195 958 1237 debet
988 1209 1074 1238 esse
1090 1196 1173 1238 sine
1190 1203 1322 1246 metu,
1345 1198 1418 1240 sed

111 1266 213 1318 qui„
193 1274 347 1302 Cvemens
368 1266 404 1300 et
423 1265 591 1300 tremens
615 1260 729 1301 debet
759 1266 980 1314 exspectare
1009 1260 1176 1303 terribile
1209 1259 1286 1340 Dei
1303 1261 1415 1316 iudi·

116 1333 245 1377 cium,
269 1334 308 1368 ut
331 1340 412 1379 cap.
436 1340 498 1366 10.

167 1396 335 1435 Rursum
359 1391 519 1445 crucifig
521 1399 624 1433 entes
651 1393 941 1444 mbimetipsis...
959 1391 999 1433 id
1022 1397 1109 1443 est,
1134 1389 1206 1434 hac
1224 1389 1412 1447 Baptismi

111 1462 350 1504 reiteratione
376 1474 545 1507 rursum,
581 1458 627 1498 ad
651 1472 755 1499 suam
788 1459 977 1512 piopriam
998 1457 1219 1508 utilitatem,
1258 1457 1411 1501 Filium

110 1523 215 1565 ,θεῖ’
207 1538 242 1562 in
264 1523 424 1574 imagine
441 1520 598 1573 crucifi„
584 1529 705 1561 <rentes
732 1528 768 1560 et
788 1522 956 1561 ostentui
969 1520 1166 1560 habentes.
1184 1517 1271 1574 Syr.
1294 1522 1411 1576 iguo-

108 1584 223 1628 minia
239 1583 468 1634 afficientes,
496 1583 742 1637 infamantes,
771 1583 809 1625 id
838 1590 922 1636 est,
950 1589 987 1624 et
1003 1582 1105 1624 illum
1129 1584 1348 1638 opprobriis
1370 1593 1408 1628 et

108 1651 267 1693 ludibrio
291 1647 441 1702 publice
462 1656 714 1703 exponentes.

166 1714 240 1758 His
257 1713 383 1753 verbis
405 1710 456 1752 D.
478 1709 619 1753 Pauius
637 1727 688 1754 ex
716 1711 770 1754 D.
790 1709 1070 1766 chrysostomo
1091 1712 1278 1752 rationem
1309 1710 1406 1752 red-

107 1783 159 1823 dit
181 1794 244 1821 cur
277 1790 354 1816 non
389 1778 506 1828 possit
534 1778 700 1817 reiterari
726 1773 942 1828 Baptismus
964 1790 972 1814 :
1005 1774 1168 1828 haecque
1195 1776 1290 1815 ratio
1309 1777 1404 1818 sane

103 1840 390 1887 fundamentalis
407 1846 462 1879 est
477 1842 515 1880 in
537 1838 707 1880 doctriua
726 1840 804 1880 divi
827 1837 944 1879 Pauli.

161 1906 314 1949 Etenim
332 1936 343 1956 ‚
374 1911 412 1944 ut
433 1905 512 1957 ipse
533 1901 651 1944 Rom.
685 1901 737 1952 6,
765 1902 907 1953 docet,
938 1899 1155 1957 Baptismus
1182 1908 1239 1944 est
1271 1910 1400 1946 nostra

100 1987 187 2016 cum
205 1969 355 2012 Christo
382 1967 593 2018 crucifixio,
612 1982 712 2008 mors
735 1974 772 2009 et
798 1967 1010 2021 sepultura:
1036 1965 1087 2007 In
1106 1974 1227 2008 morte
1242 1967 1394 2009 Christe·

103 2035 292 2092 baptisati
304 2047 449 2073 sumus.

155 2101 258 2159 Ergo
278 2101 340 2155 qui
358 2096 523 2140 secunda
543 2100 625 2140 vice
641 2099 851 2154 baptizatur
868 2129 879 2149 ‚
901 2100 1082 2152 quantum
1103 2103 1158 2139 est
1178 2099 1217 2138 in
1248 2111 1290 2139 se
1303 2111 1393 2140 rm·-

96 2184 159 2213 sus
195 2165 389 2208 Christum
418 2161 533 2216 affigit
565 2165 691 2214 cruci,
733 2165 890 2217 ejusque
921 2168 1081 2204 renovat
1114 2161 1321 2215 opprobria
1351 2163 1393 2203 in

94 2234 260 2287 imagine
282 2229 414 2270 saitem
440 2234 479 2268 et
504 2231 628 2281 signo.

99 2344 102 2350 p
151 2295 242 2354 Hoc
266 2301 391 2335 autem
409 2293 610 2333 absurdum
631 2324 640 2340 ‚
661 2294 745 2347 quia
765 2300 853 2334 tunc
873 2294 1021 2345 signum
1043 2298 1082 2333 et
1106 2296 1388 2334 sacramentum

91 2364 222 2408 mortis
247 2357 388 2401 Christi
407 2372 484 2398 non
506 2358 712 2400 concordat
730 2373 816 2400 cum
834 2372 875 2399 re
894 2356 1114 2411 significata.
1131 2353 1263 2398 Semel
1282 2356 1388 2397 enim

90 2433 234 2475 tantum
254 2431 422 2469 mortuus
438 2431 493 2466 est
513 2422 698 2468 Christus.
