1474 2658
1121 14 1139 34 4

120 65 217 122 ⁷346
436 76 570 122 rumix
600 77 757 109 aarum
789 77 846 108 m·
868 72 1135 117 venii-ouva.

127 138 294 182 Ibidem,
315 136 404 174 vide
426 135 624 178 charitatis
640 135 900 185 genealogium
919 135 940 171 ὲ
956 134 1043 182 lege
1055 163 1067 181 ,
1087 131 1190 173 fine&
1212 134 1292 173 tan
1310 141 1446 173 umn-

182 195 316 239 dente,
339 197 419 230 tum
437 194 703 235 descendente.

132 251 323 295 charitas,
345 250 444 286 sicut
462 250 644 287 naturalis
661 261 786 295 amor,
806 260 892 286 suos
911 249 1025 285 habet
1043 259 1186 285 sensus.
1206 251 1251 287 V.
1273 251 1365 285 220.

118 308 294 356 ‘lapidea
312 319 390 344 non
409 311 517 344 erant
533 309 647 344 corda
666 299 998 355 apostolica.1bid
1018 305 1112 342 vide
1134 303 1349 353 Lacryma.

130 366 320 412 Charitas,
355 377 432 402 non
457 367 539 414 jus,
573 365 764 402 actionum
795 369 1007 402 nostrarum
1035 363 1153 401 debet:
1185 373 1267 421 esse
1299 361 1448 409 regila

183 428 228 461 lt.
256 427 342 461 249.

130 481 189 518 Ad
199 481 420 518 charitatem
432 492 520 527 erga
534 481 724 528 proximos
737 481 970 517 excitandam
987 477 1146 516 maxime
1161 477 1308 514 confert
1320 487 1447 514 exem-

185 540 292 587 plum
311 538 448 575 Christi
467 538 617 574 Domini
636 538 716 585 qui,
742 538 847 574 dives
866 549 951 573 cum
973 541 1240 585 esset,pauper
1255 534 1376 571 factm
1393 539 1448 570 est

184 600 227 634 ut
244 608 312 633 nos
333 596 581 643 spiritualiter
600 595 817 632 ditesceret.
834 599 894 631 ΠΙ.
922 599 1004 632 169.

136 649 237 692 Deus
254 654 446 692 charitatis
467 655 610 691 doctor.

131 713 186 749 Ab
205 724 249 749 eo
266 713 428 761 petenda
448 712 624 749 charitas.
644 715 702 748 IV.
726 714 811 748 ⁴48.

131 767 180 805 In
199 769 381 805 charitate
401 779 546 816 semper
564 767 855 816 proficiendum.
877 766 972 802 Ibid.

92 850 103 854 «
132 824 301 861 Charitas
318 824 357 860 in
372 835 558 872 pauperes
575 828 631 860 est
648 823 849 874 apostolici
863 822 1030 858 muneris
1042 820 1264 858 essentialis.
1279 823 1342 858 111.
1360 823 1446 858 345.

134 880 338 917 charitatis
355 881 570 929 apostolicae
592 881 879 917 fundamentum
898 878 1106 915 similitudo
1131 877 1172 913 in
1190 877 1289 924 fide,
1307 878 1454 926 pietate

184 943 223 975 et
244 938 354 974 bonis
372 939 562 986 operibus.
582 943 624 975 V.
650 943 738 975 203.

135 996 405 1033 charitativum
424 994 637 1042 corrigendi
651 999 690 1031 et
706 992 920 1031 instruendi
938 991 1215 1030 modumdisce
1228 992 1308 1028 al).
1320 992 1452 1028 Paulo.

180 1056 218 1088 Ἰ.
245 1056 331 1088 362.

134 1108 292 1144 Firmior
311 1120 396 1144 cum
423 1107 693 1144 infirmioribus
711 1106 939 1152 infirmetur,
964 1110 1004 1143 ul
1023 1105 1214 1143 infirmum
1238 1104 1452 1147 confirmel;

184 1163 280 1200 sciat
301 1174 341 1200 se
367 1166 535 1211 patrem,
557 1175 597 1201 se
624 1163 800 1208 fratrem,
829 1162 960 1209 sicque
984 1172 1072 1199 cum
1099 1162 1283 1206 charitate
1307 1162 1373 1199 det
1395 1153 1455 1198 ini

185 1235 351 1260 manum.
372 1227 401 1260 Ι.
428 1228 515 1260 ὃῡῖ.
536 1228 617 1260 Non
635 1223 817 1271 disputet.
841 1222 937 1259 Ibid..
1054 1216 1057 1218 ’

136 1279 306 1318 Charitas
323 1283 391 1319 Dei
410 1283 539 1319 nimia.
562 1288 622 1320 IV.
646 1288 704 1321 17.
729 1286 789 1319 50.
810 1282 905 1319 vide
926 1281 1119 1322 Christus.

137 1337 365 1384 Sapientiam
381 1350 483 1374 suam
501 1340 540 1374 in
555 1340 733 1387 mysterio
748 1339 1007 1375 absconditam
1020 1335 1302 1385 praedestinavit
1313 1335 1363 1372 ad
1371 1334 1457 1382 glo-

188 1394 283 1430 riam
303 1399 483 1431 nostram
503 1399 546 1431 11.
570 1401 631 1432 48.

138 1455 242 1487 Hanc
261 1451 416 1487 nimiam
435 1451 658 1488 charitatem
677 1450 834 1495 mirare,
855 1451 991 1495 adora,
1012 1462 1108 1486 ama.
1126 1449 1228 1486 Ibid.

138 1508 259 1545 Nimia
284 1508 446 1545 charitas
466 1508 540 1545 Dei
558 1509 675 1544 Filii:
694 1508 892 1544 abscondit
904 1519 953 1546 se
971 1505 1156 1555 sapientia
1173 1504 1266 1558 Dei,
1287 1507 1330 1541 ut
1345 1503 1458 1541 morti

189 1566 358 1603 tradatur
370 1593 380 1609 ‚
402 1570 441 1603 et
460 1569 582 1602 morte
598 1565 664 1601 sua
683 1565 797 1601 vitam
815 1566 926 1601 nobis
944 1567 1146 1600 mereatur.
1167 1566 1212 1599 11.
1233 1564 1296 1599 49.

139 1625 396 1670 christianus,
426 1625 515 1673 quia
541 1625 609 1660 Dei
635 1623 757 1670 filius,
786 1624 854 1660 Dei
880 1622 998 1671 patris
1019 1622 1078 1663 sui
1099 1619 1322 1659 charitatem
1345 1619 1460 1656 debet

191 1684 344 1720 imitari.
363 1688 420 1721 lV.
448 1688 530 1721 162.
552 1712 556 1715 »

143 1743 397 1786 Christianus,
424 1743 513 1789 quia
532 1741 669 1778 Christi
691 1743 930 1787 membrum,-
945 1740 1085 1778 Christi
1103 1738 1324 1792 charitateqa
1345 1735 1460 1774 debet

192 1798 343 1834 imitari.
367 1798 468 1834 Ibid.

140 1852 310 1889 Charitas
323 1856 364 1912 ⁸et
383 1852 570 1899 cupiditas
588 1852 627 1887 in
645 1863 721 1899 quo
741 1852 895 1892 similes.
916 1852 971 1889 II.
997 1857 1085 1890 213.

700 1943 891 1976 CHARTA-

143 2032 216 2064 Cor
234 2031 400 2064 nostrum
421 2028 548 2064 charta
567 2028 651 2065 Dei.
676 2028 768 2065 Vide
797 2028 883 2065 Cor.
905 2027 947 2064 S.
966 2026 1152 2076 Spiritus.

614 2120 977 2154 CHmOGRAPnUM.

143 2202 443 2250 Chirographum
463 2203 627 2249 decreti,
647 2202 768 2251 quid?
786 2207 844 2239 lV.
866 2207 951 2241 345.
973 2207 1060 2241 346.

689 2294 918 2329 cumsTns.
968 2279 975 2285 ’

144 2377 184 2410 In
207 2372 352 2409 Christo
371 2383 500 2408 omnes
523 2373 685 2410 thesauri
701 2373 907 2422 sapientiae.
929 2376 1001 2411 etc.

147 2429 243 2466 Hinc
261 2429 434 2476 sequelae.
456 2432 513 2465 IV.
532 2433 615 2466 338.
