1474 2658
102 73 188 129 470
409 85 545 118 lunnx
576 85 726 116 nanum
760 66 1105 133 erssvssnnonuflh

672 155 857 192 ΡιΑΝΤΑ.
1124 165 1202 220 “‘a
1230 170 1264 201 ῃ

104 243 239 276 Sumus
267 239 406 287 plantae
430 237 526 284 Dei,
556 237 601 281 ἂι
627 238 802 276 Ecclesiae
830 250 921 286 agro
948 249 1018 287 per
1044 217 1277 289 &misia-nii
1297 232 1413 292 plan-

198 299 211 331 t

105 301 294 388 Petavcaerbi
314 349 434 387 divini
451 353 490 388 et
513 354 832 387 sacramentorum
850 351 1043 388 ministros
1060 351 1203 400 rigatae.

104 415 152 448 At
169 423 190 447 a
207 415 284 447 Dco
310 411 390 447 solo
407 410 526 447 vitam
556 414 595 447 et
621 410 897 447 incrementum
928 410 1145 460 recipimus.
1175 409 1232 451 11.
1254 415 1315 455 61.
1348 413 1410 450 68

158 468 252 506 vide
268 468 475 515 Ecclesia,
495 481 569 516 αφ’
570 470 753 506 iculeura.

638 559 873 594 POTESTAS.

105 642 235 679 Omnis
252 645 417 690 potestas
434 643 471 676 et
485 641 682 688 potestatis
700 640 894 678 distinctio
908 644 965 678 est
978 641 999 677 Ξι
1012 644 1106 677 Deo.
1127 642 1156 676 1.
1177 643 1262 678 ³40.

102 704 267 737 Potestas
286 700 539 738 ecclesiastica
559 704 613 736 est
632 700 652 735 ἒι
672 704 749 735 Deo
772 700 1005 737 immediate.
1025 699 1127 736 Ibid.

100 761 266 795 Potestas
284 757 471 794 saecularis
489 761 547 794 est
566 758 586 793 ὲ
606 762 682 793 Deo
700 759 830 794 saitem
849 758 1021 822 mediate.
1038 757 1072 795 Ι.
1095 762 1180 796 340.
1200 758 1286 794 341.

102 814 188 849 Fuit
205 813 412 861 aliquando
432 813 661 850 immediate.
683 813 718 850 Ι.
743 817 828 851 341
909 849 917 855 ,

101 873 201 906 Deus
210 870 308 918 saepe
319 872 543 918 attemperat
556 881 671 917 regna
682 870 920 906 subditmum
937 869 1180 916 utilitatibus,
1194 872 1260 909 aut
1272 866 1411 917 poenis,

154 928 258 974 juxta
277 927 428 963 illorum
446 927 595 963 merita.
598 901 715 963 olbid.

101 984 232 1020 Omnis
247 988 412 1031 potestas
431 987 487 1019 est
505 984 525 1018 a
543 987 620 1018 Deo
640 982 795 1029 quidem
808 1008 819 1026 ,

101 1041 174 1076 Sed
200 1052 275 1076 non
302 1041 423 1077 omnis
451 1041 642 1087 ingressus
659 1040 705 1075 ad
725 1042 949 1087 potestatem
967 1042 1024 1076 est
1041 1038 1063 1075 ὲ
1079 1042 1173 1084 Deo,
1200 1047 1272 1076 nec
1290 1035 1413 1074 omnis

151 1099 349 1146 potestatis
370 1109 470 1135 usus.
488 1098 589 1135 Ibid.

99 1154 202 1191 Licet
219 1158 345 1191 autem
358 1155 442 1202 quis
457 1155 633 1190 abutatur
649 1154 713 1191 sua
728 1158 919 1202 potestate
933 1181 944 1199 ‚
965 1154 1168 1191 dummodo
1181 1150 1351 1200 legitime
1364 1151 1414 1188 sit

148 1217 315 1259 creatus,
333 1206 438 1250 suam
456 1214 571 1249 habet
589 1214 609 1249 ἒι
627 1218 704 1250 Deo
724 1217 963 1262 potestatem.
984 1213 1088 1251 Ibid.

97 1275 126 1306 A
143 1274 220 1307 Deo
241 1275 296 1307 est
328 1275 516 1319 potestas3
540 1283 630 1318 crgo
658 1272 837 1319 potestati
863 1272 1022 1308 debetur
1047 1273 1171 1309 honor
1191 1269 1350 1308 interior
1372 1272 1411 1306 et

147 1328 330 1373 exterior,
350 1332 392 1365 ut
409 1330 478 1365 Dei
494 1329 634 1365 vicario
655 1333 693 1366 et
710 1330 880 1377 imagini.
903 1330 1002 1366 Ibid.

97 1386 127 1420 A
149 1386 227 1418 Deo
247 1386 302 1418 est
329 1383 421 1418 ordo
451 1387 488 1419 et
519 1384 714 1420 distinctio
735 1387 952 1432 potcstatis5
978 1397 1068 1434 ergo
1091 1388 1130 1423 et
1157 1383 1412 1423 subordinatis

146 1441 399 1488 potestatibus
426 1443 651 1489 parendum.
676 1444 775 1480 Ibid.

97 1501 226 1538 Modus
246 1503 468 1547 potestatem
487 1502 691 1538 christiani:
710 1503 935 1538 honorandi.
956 1502 990 1539 I.
1014 1506 1100 1539 348.
1125 1505 1210 1540 3⁴9.

99 1557 218 1594 Etiam
244 1557 333 1592 mali
360 1557 577 1606 principes,
607 1559 777 1606 legitime
806 1559 944 1604 creati,
971 1564 1059 1596 sunt
1084 1559 1104 1595 ii
1129 1563 1231 1604 Βοῦς
1256 1569 1346 1607 ergo
1375 1564 1413 1596 et

83 1630 98 1642 ν
146 1614 238 1662 ipsis
258 1615 418 1650 debetur
436 1616 559 1652 honor
578 1620 615 1653 et
634 1618 919 1654 obelientia.1.
951 1621 1037 1655 311.

96 1673 206 1709 Nulla
230 1675 394 1719 potestas
411 1677 467 1708 est
484 1678 617 1710 contra
636 1674 821 1721 justitiam
841 1678 878 1712 et
899 1675 1120 1724 veritatem,
1139 1674 1207 1712 sed
1228 1685 1298 1723 pro
1319 1673 1414 1711 veri-

146 1733 223 1766 tate
239 1733 276 1766 et
297 1729 509 1767 sanctitate.
530 1730 563 1767 I.
589 1734 673 1767 342.
695 1731 787 1768 Vide
810 1730 1011 1780 Princeps.

531 1825 584 1855 PR
588 1824 688 1856 Axis
717 1825 801 1856 CIH‘·
807 1825 872 1856 181
876 1824 995 1857 IANA.

97 1908 171 1956 Seu
190 1903 323 1940 modus
345 1907 465 1939 Deum
486 1902 600 1950 digne
631 1902 871 1950 glorificandi
898 1913 966 1951 per
993 1902 1119 1939 Jesum
1147 1902 1348 1940 Christum.
1374 1901 1408 1939 1.

154 1965 172 1997 4
233 1990 240 1998 .

96 1967 328 2054 SOlulsssscsus
345 2016 513 2052 Christus
530 2019 649 2052 Deum
667 2016 781 2063 digni:
803 2015 1005 2063 glorificat.
1032 2020 1155 2063 Quare
1171 2015 1188 2050 'z'
1203 2014 1306 2052 Ibid.

77 2080 125 2111 Ἀ
148 2074 270 2122 primo
295 2072 557 2119 conceptionis
583 2074 740 2109 instanti
760 2078 879 2109 Deum
908 2074 1023 2121 digne
1042 2072 1282 2122 glorificavit.
1307 2075 1410 2118 Quo-

147 2130 290 2169 modo?
318 2130 416 2167 Ibid.

94 2192 202 2226 Nunc
228 2186 416 2235 glorificat
439 2187 480 2222 in
507 2189 611 2225 coelis
631 2193 668 2226 et
692 2189 733 2224 in
762 2189 888 2225 terris.
909 2188 1010 2225 Ibid.

94 2252 214 2285 Deum
243 2258 332 2293 ergo
359 2245 635 2293 glorificaturi,
669 2248 817 2284 Christo
848 2252 968 2283 Deum
1005 2245 1120 2294 digne
1147 2244 1374 2295 glorificanti
1393 2271 1405 2290 ,

145 2306 321 2342 uniamur
339 2304 413 2340 fide
431 2309 468 2340 et
486 2306 684 2343 charitate.
706 2306 738 2342 I.
762 2309 848 2342 415.
870 2305 924 2343 Π.
946 2310 1013 2343 68.
1035 2303 1110 2344 IV.
1134 2309 1221 2342 208.
1247 2302 1321 2345 VI·
1342 2306 1402 2341 82.

147 2365 453 2400 201.202.322.
980 2351 996 2359 “

92 2421 218 2459 Praxis
237 2419 337 2456 circa
356 2419 456 2456 diem
475 2419 605 2457 mortis
627 2425 664 2458 et
682 2420 830 2469 judicii.
852 2420 907 2459 ΙΙ.
932 2424 992 2458 82.
1014 2418 1089 2462 IV.
1121 2418 1210 2458 288.
