1430 2658
414 53 426 83 Ι

338 89 532 148 ‘ramex
562 110 808 143 txrosr'rro.
850 100 952 153 Cap.
978 98 1064 143 XI.
1291 118 1384 159 ,27¹

39 176 134 231 *quo
154 174 276 228 major
296 174 367 216 erit
382 171 482 219 fides
503 178 590 227 tua,
611 175 660 216 eo
682 177 802 227 major
819 178 998 230 patientIa
1013 183 1052 218 et
1074 178 1115 220 in
1138 177 1388 221 tribulatione

42 238 203 284 iaetitia.
449 246 458 253 ‘

109 299 219 345 Sicut
237 303 446 345 astronomi
466 316 537 358 per
555 302 747 356 dioptram
777 304 873 344 mira
890 305 929 344 in
948 306 1161 348 coeiestibus
1193 307 1382 350 animad-

51 375 234 419 vertunt,
253 370 418 423 antiquis
435 371 585 423 ignota;
607 370 663 410 sic
679 371 800 410 sancti
819 382 887 422 per
905 370 1022 411 fidem
1044 373 1173 414 vident
1194 389 1281 428 qnae
1293 360 1378 415 non

52 433 192 475 ’vident
214 431 393 487 'infideles
421 445 431 474 t
454 441 492 476 et
510 436 606 476 sicut
637 438 711 489 quo
741 436 863 487 major
882 440 919 476 et
941 436 1074 477 melior
1107 438 1280 492 dioptra‚
1323 444 1378 480 e(-

45 496 158 552 piura
179 513 281 540 nova
299 507 338 541 et
358 499 490 541 clarius
508 499 642 541 vident
669 502 902 548 astronomi;
927 502 1009 552 sic,
1035 507 1111 555 quo
1132 506 1252 554 major
1271 504 1376 545 fides

51 569 270 603 sanctorum
283 593 294 613 ‚
328 565 375 604 εὸ
393 564 514 615 major
533 570 592 604 est
610 577 742 605 eorum
762 566 940 605 sanctitas
955 597 965 615 ‚
986 568 1114 618 major*
1123 582 1248 610 rerum
1267 583 1376 623 prae-

51 626 224 666 sentium
244 632 513 684 contemptus,
537 628 661 679 major
678 629 718 667 in
742 627 911 669 adversis
932 632 1123 683 patientia.

113 686 189 732 Dic
207 705 297 746 ergo
321 694 533 746 saepissime
547 724 558 744 ‚
578 694 776 743 Domine,
801 695 952 747 adauge
970 695 1222 750 milzifidem.

431 788 551 831 Circa
570 791 711 832 mundi
729 800 1007 847 contemplum.

109 883 255 929 Mirum
279 885 402 928 habes
431 887 483 930 de
524 890 814 939 contemnendo
850 890 996 931 mundo
1028 890 1301 932 documentum
1339 893 1383 934 irt

48 953 193 1001 sanctis
212 952 434 1006 patriarchis
445 950 660 1004 Abraham,
681 952 786 996 Isaac
802 962 838 997 et
858 953 998 1006 Jacob,
1017 959 1095 1012 qui,
1121 956 1204 998 lieet
1225 957 1379 1010 longam

47 1017 202 1058 ducturi
213 1024 343 1059 essent
363 1019 478 1059 vitam
492 1049 503 1068 ‚
522 1025 660 1060 terram
680 1026 807 1062 tamen
822 1035 902 1062 non
921 1021 1196 1074 possederunt,
1215 1022 1378 1063 domum

51 1095 132 1123 non
154 1081 461 1133 aedificaverunt,
483 1085 523 1124 in
545 1084 677 1125 casulis
691 1116 702 1135 ‚
735 1086 774 1124 in
800 1085 1049 1126 tabernaculis
1069 1087 1276 1127 mobilibus
1297 1087 1381 1127 bu-
1426 1131 1429 1134 ,

49 1145 242 1189 δίῐέιωηῑε
265 1154 305 1189 ut
329 1147 406 1189 hoc
423 1150 506 1204 ipso
535 1148 793 1201 significarent
815 1163 857 1190 se
891 1152 1112 1204 peregrinos
1140 1155 1177 1191 et
1208 1150 1381 1192 viatores

45 1226 159 1263 esse,
181 1217 219 1253 et
237 1211 309 1253 atio
322 1212 496 1263 tendere,
518 1227 660 1269 nempe
672 1214 721 1256 ad
743 1216 941 1255 civitatem
961 1215 1112 1256 firmam
1127 1244 1138 1265 ‚
1159 1213 1382 1267 fundatam,

47 1275 313 1328 immobilem,
333 1282 530 1318 aeternarn.
1208 1292 1217 1297 ⁴

106 1342 150 1386 Si
171 1342 248 1385 hoc
269 1341 595 1396 antechristum,
617 1347 648 1388 si
676 1352 886 1388 tantamne
902 1349 1041 1388 mentis
1054 1354 1092 1388 et
1116 1346 1241 1388 cordis
1263 1346 1338 1388 suit

41 1410 320 1466 semporatibus
337 1415 588 1467 sequestratio
601 1443 614 1465 ,
638 1413 731 1467 quid
749 1427 852 1454 nunc
873 1410 1100 1465 Christiani,
1129 1415 1227 1453 cives
1242 1428 1385 1453 sanc-

43 1483 173 1517 ior-um
194 1485 232 1518 et
249 1478 455 1518 chamestici
471 1478 550 1518 Dei
563 1478 586 1518 Ρ

104 1543 330 1588 Recordare
350 1552 387 1587 te
405 1545 489 1586 coeli
511 1548 636 1587 civem
654 1577 666 1597 ‚
689 1554 798 1588 terrae
819 1553 947 1587 autem
967 1545 1158 1586 advenam
1175 1562 1184 1594 ;
1218 1551 1379 1587 terrena
1401 1540 1406 1549 ’

38 1617 326 1664 consequenter
348 1609 528 1662 despice,
549 1609 717 1651 coeiestia
737 1614 907 1664 suspice;
937 1611 985 1650 ab
1008 1611 1188 1650 omnibus
1208 1613 1379 1650 terrenis

45 1680 180 1718 mente
198 1682 236 1717 et
264 1675 380 1717 corde
398 1683 656 1731 sequestratus
672 1708 684 1728 ‚
706 1684 903 1730 exspecta,
927 1676 1123 1726 desidera,
1147 1676 1285 1717 anhela
1318 1677 1373 1716 ml

42 1742 243 1781 civitatem
267 1741 372 1792 cujus
392 1738 527 1781 artifex
548 1747 586 1781 et
601 1740 775 1782 conditor
796 1748 854 1782 est
876 1739 1006 1789 Deus;
1028 1742 1105 1781 imo
1124 1743 1230 1794 cujus
1250 1754 1374 1795 opes,

39 1807 193 1850 -deticiae
207 1839 221 1860 ‚
240 1807 440 1849 beatitudo
453 1839 464 1856 ,
491 1805 612 1850 Deus.

101 1871 217 1916 Heu!
239 1877 356 1928 quam
380 1874 514 1916 sordet
535 1881 648 1924 terra,
673 1877 760 1916 curn
783 1874 919 1916 coeium
939 1875 1107 1930 aspicio!

104 1939 189 1982 Hic
207 1943 380 1990 vanitas,
408 1941 617 1995 cupiditas,
641 1943 976 1983 momentaneitas.

101 2004 163 2048 lbi
187 2004 279 2047 Rex
297 2008 439 2048 veritas
453 2037 466 2057 ‚
489 2006 554 2048 lex
571 2006 732 2047 charitas
746 2000 773 2055 ‚⁸
786 2006 923 2046 modus
948 2007 1142 2046 aeternitas
1163 2019 1173 2042 ε
1199 2002 1286 2044 haec
1305 2002 1375 2044 ul-

35 2073 140 2113 tima
157 2071 278 2112 verba
297 2078 385 2113 sunt
406 2069 458 2114 D.
478 2068 647 2126 August.
669 2069 795 2126 Epist.
819 2071 843 2112 5
867 2071 915 2112 ad
934 2069 1212 2112 Marcellinum.

446 2173 571 2203 emca
603 2173 959 2203 FORTITUDINEM.

98 2251 217 2295 Falso
241 2254 377 2299 dicitur
392 2254 439 2294 ab
458 2253 585 2306 impiis
607 2250 724 2292 fidem
751 2258 789 2293 et.
809 2251 1069 2293 fortitudinem
1104 2266 1189 2293 esse
1211 2252 1373 2291 int-orn·-

38 2317 240 2374 patibiles;
267 2319 361 2367 imo,
394 2315 491 2357 nutta
522 2316 644 2367 major
674 2314 878 2366 fortitudo,
911 2318 1024 2369 quam
1059 2327 1147 2368 quae
1180 2327 1230 2354 ex
1262 2312 1371 2363 fide,

37 2396 131 2436 quae
150 2395 225 2423 nec
247 2381 413 2432 ferrum,
434 2395 507 2422 nec
529 2382 660 2435 ignem
674 2411 687 2434 ‚
718 2395 791 2423 nec
811 2395 942 2434 arma,
962 2395 1038 2423 nee
1067 2380 1201 2422 teones
1230 2380 1373 2428 timet,

36 2451 83 2486 ut
103 2443 225 2486 babes
246 2446 287 2485 in
307 2443 363 2497 Ῡ.
380 2441 456 2497 33,
476 2443 558 2497 34,
585 2450 665 2486 ete.
