1474 2658
89 46 177 106 ¹94
475 59 692 93 EPls'l'offl
720 61 781 93 An
810 59 1021 95 uacuatos

151 117 200 171 ᾖ.
219 137 288 164 20.
300 120 347 163 N
346 136 395 163 on
411 122 518 171 enim
525 124 741 179 portabant
756 126 860 180 quod
871 126 1086 168 dicebatur.
1098 121 1404 183 Gr01mperffi‚
1458 132 1465 138 ³

92 190 137 234 id
157 196 235 242 est,
256 204 336 232 non
359 193 462 233 enim
484 191 581 234 serre
601 200 774 246 poterant
793 193 889 236 illius
905 196 1215 239 comminationis
1227 197 1410 250 rigorem.

154 256 209 297 Et
234 258 272 297 si
289 258 412 297 bestia
433 260 598 312 tetigerit
615 267 810 307 montem,
833 260 872 302 id
889 266 969 310 est,
991 274 1071 302 non
1094 259 1377 305 bernelmum
1393 291 1408 314 ‚

90 321 166 365 sed
181 328 218 364 et
231 323 354 365 bestia
370 325 402 365 si
421 325 585 378 tetigerit
605 332 778 367 montem
793 357 804 377 ‚
823 325 1072 381 lapidabitur,
1094 323 1230 369 Exod«
1253 342 1320 384 ¹9·
1342 324 1410 379 13.

154 383 204 434 Ῠ,
227 402 251 429 2
261 404 297 431 1.
317 389 343 430 I
345 395 384 430 la
399 390 568 430 terribile
581 398 667 431 erat
680 391 782 444 quod
791 390 1009 433 videbatur.
1029 387 1101 432 Gr.
1116 396 1158 432 et
1175 392 1225 432 ita
1243 389 1412 433 terribile

96 457 178 493 erat
199 463 400 506 apparenS.
435 449 524 507 Syr.
547 460 584 494 et
613 453 712 495 adeo
730 453 907 495 terribilis
940 461 1019 496 erat
1047 451 1334 507 visiosldvest,
1360 455 1414 497 ita

98 518 267 562 terribile
284 526 362 561 erat
380 521 484 574 quod
500 521 616 563 fiebat
638 529 675 563 et
691 522 903 564 videbatur.

158 583 316 637 Moyses
331 584 448 634 dixit,
465 589 669 627 exlerrz‘tus
684 603 769 627 sum
778 617 792 637 ,
819 587 857 627 id
877 593 957 639 est,
975 593 1015 628 ut
1028 587 1110 641 ipse
1122 583 1303 642 Moyses,
1324 579 1415 628 Deo

97 646 291 690 familiaris
316 656 352 690 et
375 650 553 705 prodigiis
577 659 767 703 assuetm,
791 652 953 704 dixerit,
978 653 1186 693 exterritus
1208 666 1321 701 sum,
1338 659 1415 694 etc.

82 708 83 711 ¹
162 711 264 756 Haec
291 714 420 756 ultima
449 717 566 758 verba
587 732 666 759 non
688 725 775 759 sunt
795 719 834 759 in
855 715 1020 767 Εκοᾰο,
1043 718 1113 760 sed
1138 715 1191 759 D.
1209 713 1351 763 Paulus
1369 731 1415 759 ea

100 777 264 830 adjecit,
287 779 349 821 vel
366 794 416 821 ex
433 782 617 833 majorum
639 782 864 834 traditione,
894 782 957 823 vel
978 796 1026 824 ex
1043 780 1204 836 Spiritus
1220 782 1416 823 sanctire-
1462 828 1465 831 ,

100 844 310 890 velatione.
794 854 802 861 ⁸

61 904 76 918 ⁶
163 909 223 963 ff.
245 926 311 952 22.
329 907 410 951 Sed
425 914 643 954 accessistis
663 916 718 955 od
739 910 836 954 Sion
857 922 1093 960 monlem‚...
1115 911 1185 954 sed
1212 926 1280 968 per
1298 911 1419 955 fidem

102 982 143 1016 et
167 972 363 1029 Baptisma
380 980 586 1020 accessistis
599 979 646 1019 ad
661 987 830 1021 montem
843 978 1074 1034 spiritualem
1089 1010 1100 1030 ,
1121 978 1169 1020 ad
1186 975 1418 1031 Ecclesiam,

104 1054 191 1094 quae
208 1043 323 1094 coepit
344 1044 380 1082 in
402 1040 520 1094 Sion,
542 1045 607 1085 ubi
630 1035 693 1086 lex
711 1059 812 1086 nova
833 1043 1069 1097 promulgata
1088 1048 1145 1084 est
1162 1043 1202 1084 in
1222 1041 1285 1091 die
1305 1039 1421 1085 Pen-

102 1112 269 1148 recostes
282 1137 293 1157 ,
316 1121 382 1160 per
406 1107 633 1150 descensum
647 1107 806 1164 Spiritus
822 1110 943 1151 sancti
964 1111 1004 1150 in
1024 1104 1251 1161 Apostolos.

161 1166 376 1212 Ecclesiam
400 1174 564 1227 intellige
582 1181 661 1215 tum
680 1173 904 1216 militantem
921 1205 932 1226 ‚
953 1180 1034 1215 tum
1053 1171 1363 1228 triumphantem.
1406 1204 1414 1213 .

163 1233 218 1274 Et
235 1235 426 1275 civitatem
444 1238 517 1278 Dei
530 1240 689 1280 viventis
701 1268 715 1288 ‚
737 1240 956 1281 Jerusalem
975 1238 1164 1279 caelestem
1177 1265 1192 1286 ,
1212 1235 1253 1278 id
1267 1241 1327 1277 est
1342 1264 1355 1284 ,
1375 1232 1424 1276 ad

105 1300 319 1345 Jerusalem
337 1305 530 1349 coelestem
543 1338 554 1359 ‚
575 1322 662 1362 quae
675 1315 731 1349 est
752 1310 883 1350 civitas
900 1305 974 1349 Dei
993 1306 1184 1353 viventis;
1206 1306 1255 1346 ita
1270 1303 1423 1352 dicitur,

108 1369 197 1422 quia
223 1370 324 1410 Deus
348 1372 456 1411 illius
480 1380 538 1413 est
556 1380 694 1416 auctor
712 1380 750 1416 et
781 1371 953 1427 ortffex,
977 1378 1016 1415 ut
1035 1371 1180 1414 dictum
1206 1375 1264 1412 est
1284 1370 1419 1424 supra,

111 1446 198 1487 cap.
221 1449 288 1484 11,
310 1431 363 1485 Ῡ.
393 1435 457 1479 16.
1047 1481 1049 1483 ,
1377 1453 1381 1455 ’

172 1499 224 1539 Et
245 1502 453 1544 multorum
474 1505 641 1547 milium.
662 1502 734 1548 Gr.
753 1502 968 1559 Myriadum
990 1496 1426 1556 Angeifflumfrequen-

113 1567 230 1606 tiam.
255 1561 320 1607 Gr
339 1566 574 1623 πανήγυριν,
599 1571 638 1612 id
656 1578 712 1613 est
725 1603 736 1622 ‚
763 1571 952 1613 celebrem
971 1583 1014 1611 ac
1029 1568 1156 1611 laetum
1176 1569 1427 1607 conventum.

173 1629 397 1687 Opponitur
417 1635 675 1689 hicgaudinm
694 1643 730 1679 et
750 1637 876 1678 laeiiiia
901 1633 1139 1688 Angelorum
1154 1662 1165 1682 ‚
1194 1629 1363 1684 fulgetris
1384 1641 1430 1671 ac

112 1697 288 1737 tonitruis
305 1701 446 1739 moniis
466 1698 556 1740 Sina
574 1717 642 1755 per
666 1700 838 1754 Angelos
859 1701 907 1741 ad
932 1707 1113 1741 terrorem
1130 1696 1318 1739 excitatis.

173 1754 223 1803 Ῠ.
246 1759 312 1800 23.
341 1761 392 1800 Et
416 1763 629 1804 Ecclesiam
647 1766 942 1817 primitivorum.
967 1761 1036 1804 Gr.
1059 1760 1400 1815 primogenitorum
1418 1786 1431 1807 ‚

118 1822 159 1864 id
176 1830 257 1874 est,
275 1823 350 1866 fide
370 1828 464 1867 uniti
490 1830 579 1868 estis
600 1842 686 1869 cum
711 1827 929 1883 Apostolis,
951 1826 1202 1880 martyribus,
1226 1821 1433 1876 primisque

117 1882 263 1928 Christi
285 1888 459 1932 fidelibus
489 1891 567 1932 vita
589 1891 740 1933 fimetis.

180 1950 433 2008 Primogeniti
452 1957 625 1999 dicuntur
646 1957 845 2013 Apostoli,
873 1958 958 2012 quia
976 1956 1087 2011 primi
1108 1957 1129 1995 *a
1145 1952 1298 1996 Christo
1316 1962 1434 2004 rege-

123 2021 262 2061 nerati.

184 2082 399 2139 Primitivi,
430 2090 515 2142 quia
549 2091 732 2144 primitias
762 2096 800 2132 et
830 2088 1099 2130 abundantiam
1128 2080 1290 2141 Spiritus
1320 2094 1438 2125 acce·-

124 2158 279 2206 perunt.

177 2206 273 2267 'Qui
288 2218 497 2271 conscripti
509 2227 600 2259 sunt
618 2221 658 2261 in
678 2221 786 2261 coelis
798 2250 811 2269 ‚
848 2219 886 2261 id
905 2226 962 2260 est
975 2251 986 2270 ,
1010 2229 1172 2272 quorum
1189 2226 1269 2255 non
1287 2211 1444 2254 nomina

129 2282 280 2326 tantum
301 2290 389 2323 sunt
408 2285 445 2324 in
467 2284 562 2325 libro
578 2287 666 2327 vitae
678 2316 690 2337 ‚
713 2286 783 2327 sed
801 2293 839 2327 et
851 2287 921 2340 ipsi
937 2291 1021 2326 actu
1037 2291 1072 2326 et
1088 2283 1212 2337 reipsa
1228 2282 1388 2332 regnant
1405 2277 1445 2316 in

131 2346 255 2390 coelis.

118 2446 132 2449 „
191 2410 428 2466 Eljudc'cem
452 2416 625 2456 omnium
650 2416 788 2458 Deum.
