1474 2658
66 54 163 99 286.
456 59 680 98 Epis‘mmz'
709 64 768 111 4¹²
796 64 996 113 nanninus

123 125 240 170 Juxta
266 126 375 171 >hunc
404 141 589 182 sensum,
622 130 851 183 quibnostrae
881 125 1058 182 Vulgatae
1093 131 1174 178 est,
1207 125 1390 174 haecfest

67 207 180 236 mens
198 191 380 248 Apostoli
401 208 411 234 :
1137 204 1139 206 ·
1237 236 1239 242 ,

125 258 230 302 Sicut
251 257 404 301 Christo
425 262 464 302 in
483 256 617 315 agonia
645 260 850 301 constituto
885 255 1056 313 Angelus
1084 259 1264 314 gaudium
1287 276 1394 317 pro-

71 327 198 381 posuit
218 339 268 367 ex
288 332 409 366 morte
434 332 674 375 secuturum,
696 338 838 379 nempe
855 324 1204 377 resurrectionem,
1222 325 1390 379 gtoriam

67 393 260 446 corporis,
285 390 443 432 salutem
480 390 682 432 hominurn
700 421 711 440 ,
741 397 816 431 etc.
847 387 1053 431 salvatoris
1074 390 1180 431 enim
1202 389 1389 445 gaudium

66 461 123 498 est
139 454 339 497 hominum
363 456 459 497 salus
474 486 485 507 ‚
508 457 557 497 ait
578 453 866 496 Theodoretus.

119 520 172 564 Et
189 524 285 565 sicut
305 520 498 574 Christus,
528 530 682 577 propter
709 522 786 563 hoc
806 521 985 584 gaudium
1007 521 1081 563 sibi
1107 523 1354 578 propositum
1368 552 1385 572 ,

68 589 189 630 crucis'
209 589 456 642 ignominiam
476 588 676 642 amplexus
701 595 780 636 est,
808 590 858 628 ita
877 594 916 628 et
936 601 1006 628 nos
1029 589 1069 628 in
1086 590 1258 630 animum
1278 601 1390 630 nos-

67 659 166 694 trum
183 653 339 707 gloriam
359 660 540 695 aeternam
555 683 565 702 ‚
587 655 626 694 in
645 652 914 706 passionibus,
935 650 1066 694 vivide
1085 665 1332 694 revocemus.
1395 671 1397 675 Α

284 762 563 809 ousnnyA'rto
593 761 846 792 LlTTERALts
876 762 933 791 ΕΤ
965 761 1175 791 MORALts.

127 849 207 894 Sed
223 857 260 893 et
276 851 368 892 alius
382 865 517 892 sensus
533 857 589 892 est
607 852 711 903 juxta
727 847 907 891 Graecum
925 855 963 890 et
980 845 1176 902 Syriacum
1189 879 1203 900 ‚
1220 854 1260 890 et
1271 861 1389 902 quem

67 914 122 959 D.
143 914 440 972 Chrysostomus
476 923 513 957 et
536 916 594 956 alii
621 912 747 956 Graeci
767 920 999 970 sequuntur,
1039 914 1117 954 imo
1141 927 1256 968 quem
1281 911 1391 953 multi

69 981 197 1026 Latini
229 982 456 1038 praeferunt,
484 988 658 1035 putantes
684 982 993 1034 praepositionem
1010 980 1083 1032 pro'
1103 977 1242 1020 deesse
1265 979 1392 1021 textui

71 1055 205 1090 nostro
221 1048 351 1090 latino.
713 1058 716 1060 ·
1319 1079 1321 1081 ,

127 1112 196 1157 Gr.
219 1117 280 1170 qui
300 1129 366 1169 pro
385 1115 579 1169 proposito
600 1114 671 1154 sibi
693 1112 852 1166 gaudio,
874 1116 948 1153 etc.
966 1107 1056 1165 Syr.
1079 1112 1142 1164 qui
1163 1125 1233 1165 pro
1249 1111 1395 1165 gaudio

72 1179 174 1235 quod
193 1179 359 1222 hahebat
373 1210 383 1230 ‚
409 1187 482 1221 etc.
506 1176 629 1220 Arab.
648 1181 711 1232 qui
731 1180 815 1219 vice
835 1177 1020 1230 propositi
1040 1176 1112 1216 sibi
1131 1175 1281 1230 gaudit3

129 1245 175 1289 Id
193 1255 272 1298 est,
294 1250 357 1304 qui
378 1248 462 1288 loco
481 1246 630 1300 gaudii,
656 1259 732 1299 quo
753 1243 821 1285 frui
848 1249 1019 1299 poterat,
1045 1255 1204 1283 crucem
1224 1241 1396 1296 praeele-

71 1313 148 1365 git,
175 1310 382 1363 ignominia
402 1310 462 1351 tali
484 1308 670 1363 supplicio
691 1306 892 1360 conjuncta
917 1320 996 1348 non
1020 1304 1246 1349 retardatus.
1317 1306 1319 1310 '

130 1374 184 1418 Ut
201 1375 264 1418 hic
285 1390 418 1418 sensus
444 1377 577 1417 melius
596 1374 825 1428 intelligatur
847 1389 855 1413 :
1183 1374 1185 1378 ⁴

129 1443 229 1487 Filio
263 1443 340 1487 Dei
373 1453 450 1487 erat
478 1444 642 1486 liberum
675 1443 886 1494 incarnari,
921 1437 984 1482 vel
1018 1453 1098 1482 non
1131 1452 1144 1479 π
1168 1437 1291 1492 elegit
1319 1438 1396 1479 in-

75 1513 231 1554 carnari.

131 1575 333 1619 incarnato
355 1578 516 1619 liberum
543 1576 612 1619 suit
630 1577 707 1630 pati
725 1605 737 1626 ‚
763 1575 886 1623 mori,
912 1571 975 1614 vel
993 1583 1131 1624 corpus
1157 1583 1272 1610 suum
1297 1565 1398 1608 red·-

76 1644 168 1685 dere
196 1644 454 1698 impassibile,
491 1642 730 1691 immortale,
766 1646 803 1682 et
834 1640 940 1693 optio
962 1637 1048 1678 data
1071 1642 1130 1678 est:
1158 1636 1194 1676 ei
1220 1637 1243 1676 ὲ
1266 1634 1400 1688 primo

78 1711 348 1750 incarnationis
369 1711 552 1762 instanti3
575 1711 624 1749 ait
655 1705 864 1760 Rupertus.
886 1701 1090 1756 Praeelegit
1113 1697 1289 1743 Christus
1320 1699 1406 1755 pati

81 1779 119 1813 et
143 1772 257 1812 mori.
1295 1773 1297 1775 ’

134 1835 322 1878 Morituro
339 1836 499 1877 liberum
516 1835 582 1876 fuit
603 1836 798 1875 communi
819 1840 941 1875 morte
960 1833 1082 1880 mori,
1108 1828 1172 1871 vel
1195 1828 1366 1882 crucifigi
1383 1842 1401 1874 ς

78 1902 243 1958 praelulit
275 1909 312 1943 et
335 1902 519 1942 sustinuit
553 1915 704 1940 crucem
733 1897 957 1952 confusione
989 1893 1241 1947 contempni,
1271 1901 1314 1935 et
1345 1892 1406 1934 ob

80 1968 182 2014 hanc
199 1974 363 2009 mortem
386 1973 423 2007 et
440 1966 691 2019 ignominiam
712 1964 816 2004 sedet
833 1964 888 2003 ad
907 1964 1109 2003 dexteram
1129 1959 1218 2000 Dei.

138 2032 258 2075 Vides
276 2034 475 2088 praemium
495 2033 731 2079 certaminis,
750 2032 799 2070 ait
823 2028 875 2071 D.
908 2026 1230 2083 Chrysostomus,

139 2096 260 2141 Vides
279 2099 395 2140 finem
416 2099 607 2152 patientiae
628 2101 700 2150 qno
722 2095 916 2148 perducit,
935 2095 985 2134 ait
1004 2087 1350 2144 Theophylactus.

139 2164 181 2208 Si
199 2163 370 2207 Christus
386 2172 539 2219 propter
559 2178 629 2204 nos
653 2163 804 2214 (libens
826 2170 863 2204 et
881 2160 1045 2210 volens)
1073 2155 1277 2199 crucifixus
1309 2156 1373 2194 es!
1387 2179 1404 2200 ‚

84 2234 225 2287 quanto
245 2233 367 2280 magis
385 2244 450 2283 par
469 2236 527 2270 est
547 2236 587 2271 ut
604 2243 674 2270 nos
693 2229 821 2268 omnia
843 2226 995 2268 fortiter
1011 2220 1200 2266 feramus!
1221 2222 1278 2260 ait
1293 2216 1413 2258 divus

81 2294 399 2351 Chrysostomus‚

138 2355 188 2405 Ῠ.
220 2359 259 2403 3,
282 2362 506 2414 Recogitate
525 2361 626 2400 enim
653 2375 755 2401 eum.
778 2355 850 2400 Gr.
871 2357 988 2399 tatem
1015 2355 1284 2399 sustinentem.
1309 2344 1410 2402 Syr-

84 2427 214 2471 videte
236 2442 325 2483 ergo
350 2435 488 2484 quanta
505 2428 748 2476 sustinuerit,
770 2432 848 2468 etc.
