<?xml version="1.0" encoding="UTF-8"?>
<!DOCTYPE html PUBLIC "-//W3C//DTD XHTML 1.0 Transitional//EN"
    "http://www.w3.org/TR/xhtml1/DTD/xhtml1-transitional.dtd">
<html xmlns="http://www.w3.org/1999/xhtml" xml:lang="en" lang="en">
 <head>
  <title>
</title>
<meta http-equiv="Content-Type" content="text/html;charset=utf-8" />
  <meta name='ocr-system' content='tesseract 3.04.00' />
  <meta name='ocr-capabilities' content='ocr_page ocr_carea ocr_par ocr_line ocrx_word'/>
</head>
<body>
  <div class='ocr_page' id='page_1' title='image "./epistolaumbpauli06picq_0224.png"; bbox 0 0 1430 2658; ppageno 0'>
   <div class='ocr_carea' id='block_1_1' title="bbox 78 59 1388 282">
    <p class='ocr_par' dir='ltr' id='par_1_1' title="bbox 78 59 1388 282">
     <span class='ocr_line' id='line_1_1' title="bbox 78 59 1030 124; baseline -0.004 0"><span class='ocrx_word' id='word_1_1' title='bbox 78 92 83 97; x_wconf 52' lang='lat'><strong>⁹</strong></span> <span class='ocrx_word' id='word_1_2' title='bbox 109 79 194 124; x_wconf 76' lang='lat'>208</span> <span class='ocrx_word' id='word_1_3' title='bbox 481 79 699 122; x_wconf 59' lang='lat' dir='ltr'>tms‘romn</span> <span class='ocrx_word' id='word_1_4' title='bbox 729 90 789 120; x_wconf 70' lang='lat' dir='ltr'>An</span> <span class='ocrx_word' id='word_1_5' title='bbox 805 59 1030 121; x_wconf 62' lang='lat' dir='ltr'>&#39;nmmos&#39;</span> 
     </span>
     <span class='ocr_line' id='line_1_2' title="bbox 142 145 1388 214; baseline 0 -17"><span class='ocrx_word' id='word_1_6' title='bbox 142 172 181 214; x_wconf 85' lang='lat'>9.</span> <span class='ocrx_word' id='word_1_7' title='bbox 201 148 334 196; x_wconf 91' lang='lat' dir='ltr'>Tunc</span> <span class='ocrx_word' id='word_1_8' title='bbox 356 147 451 195; x_wconf 83' lang='lat' dir='ltr'>dixi</span> <span class='ocrx_word' id='word_1_9' title='bbox 472 170 482 197; x_wconf 72' lang='grc' dir='ltr'><strong><em>ε</em></strong></span> <span class='ocrx_word' id='word_1_10' title='bbox 503 147 620 195; x_wconf 66' lang='lat' dir='ltr'>Ecce</span> <span class='ocrx_word' id='word_1_11' title='bbox 638 147 782 212; x_wconf 80' lang='lat' dir='ltr'>venio,</span> <span class='ocrx_word' id='word_1_12' title='bbox 804 157 852 195; x_wconf 90' lang='lat' dir='ltr'>ut</span> <span class='ocrx_word' id='word_1_13' title='bbox 867 146 1040 204; x_wconf 80' lang='lat' dir='ltr'>faciam,</span> <span class='ocrx_word' id='word_1_14' title='bbox 1060 145 1203 210; x_wconf 65' lang='lat' dir='ltr'>Deus,</span> <span class='ocrx_word' id='word_1_15' title='bbox 1224 145 1388 204; x_wconf 79' lang='lat' dir='ltr'>volun-</span> 
     </span>
     <span class='ocr_line' id='line_1_3' title="bbox 84 213 1248 282; baseline -0.003 -8"><span class='ocrx_word' id='word_1_16' title='bbox 84 237 220 274; x_wconf 80' lang='lat' dir='ltr'>tatem</span> <span class='ocrx_word' id='word_1_17' title='bbox 235 235 378 279; x_wconf 86' lang='lat' dir='ltr'>tuam;</span> <span class='ocrx_word' id='word_1_18' title='bbox 400 213 778 282; x_wconf 60' lang='lat' dir='ltr'>aufertp‘rimum,</span> <span class='ocrx_word' id='word_1_19' title='bbox 800 231 848 269; x_wconf 86' lang='lat' dir='ltr'>ut</span> <span class='ocrx_word' id='word_1_20' title='bbox 868 239 1056 282; x_wconf 88' lang='lat' dir='ltr'><strong>sequens</strong></span> <span class='ocrx_word' id='word_1_21' title='bbox 1073 230 1248 272; x_wconf 77' lang='lat' dir='ltr'>statuat.</span> 
     </span>
    </p>
   </div>
   <div class='ocr_carea' id='block_1_2' title="bbox 81 418 1388 558">
    <p class='ocr_par' dir='ltr' id='par_1_2' title="bbox 81 418 1388 558">
     <span class='ocr_line' id='line_1_4' title="bbox 143 418 1388 495; baseline -0.002 -25"><span class='ocrx_word' id='word_1_22' title='bbox 143 444 208 471; x_wconf 89' lang='lat'>10.</span> <span class='ocrx_word' id='word_1_23' title='bbox 230 423 285 495; x_wconf 55' lang='lat' dir='ltr'>in</span> <span class='ocrx_word' id='word_1_24' title='bbox 307 423 394 482; x_wconf 59' lang='lat' dir='ltr'>qua</span> <span class='ocrx_word' id='word_1_25' title='bbox 411 421 635 469; x_wconf 81' lang='lat' dir='ltr'>voluntate</span> <span class='ocrx_word' id='word_1_26' title='bbox 655 419 914 468; x_wconf 81' lang='lat' dir='ltr'>sanctificati</span> <span class='ocrx_word' id='word_1_27' title='bbox 928 438 1081 468; x_wconf 90' lang='lat' dir='ltr'>sumus</span> <span class='ocrx_word' id='word_1_28' title='bbox 1101 437 1182 480; x_wconf 85' lang='lat' dir='ltr'>per</span> <span class='ocrx_word' id='word_1_29' title='bbox 1197 418 1388 468; x_wconf 80' lang='lat' dir='ltr'>oblatio-</span> 
     </span>
     <span class='ocr_line' id='line_1_5' title="bbox 81 494 891 558; baseline -0.005 -12"><span class='ocrx_word' id='word_1_30' title='bbox 81 517 185 546; x_wconf 85' lang='lat' dir='ltr'>nem</span> <span class='ocrx_word' id='word_1_31' title='bbox 201 497 400 558; x_wconf 81' lang='lat' dir='ltr'>corporis</span> <span class='ocrx_word' id='word_1_32' title='bbox 417 500 524 544; x_wconf 88' lang='lat' dir='ltr'>Jesu</span> <span class='ocrx_word' id='word_1_33' title='bbox 548 494 717 543; x_wconf 78' lang='lat' dir='ltr'>Christi</span> <span class='ocrx_word' id='word_1_34' title='bbox 739 494 891 542; x_wconf 84' lang='lat' dir='ltr'><strong>semel.</strong></span> 
     </span>
    </p>
   </div>
   <div class='ocr_carea' id='block_1_3' title="bbox 81 700 1387 836">
    <p class='ocr_par' dir='ltr' id='par_1_3' title="bbox 81 700 1387 836">
     <span class='ocr_line' id='line_1_6' title="bbox 143 700 1384 764; baseline -0.006 -7"><span class='ocrx_word' id='word_1_35' title='bbox 143 729 158 756; x_wconf 77' lang='grc' dir='ltr'><strong>ι</strong></span> <span class='ocrx_word' id='word_1_36' title='bbox 173 729 208 756; x_wconf 85' lang='lat'>1.</span> <span class='ocrx_word' id='word_1_37' title='bbox 223 710 279 754; x_wconf 87' lang='lat' dir='ltr'>Et</span> <span class='ocrx_word' id='word_1_38' title='bbox 300 705 445 754; x_wconf 88' lang='lat' dir='ltr'>omnis</span> <span class='ocrx_word' id='word_1_39' title='bbox 469 703 650 764; x_wconf 89' lang='lat' dir='ltr'>quidem</span> <span class='ocrx_word' id='word_1_40' title='bbox 671 703 876 751; x_wconf 84' lang='lat' dir='ltr'>sacerdos</span> <span class='ocrx_word' id='word_1_41' title='bbox 908 706 1066 762; x_wconf 76' lang='lat' dir='ltr'>praestb</span> <span class='ocrx_word' id='word_1_42' title='bbox 1087 712 1154 751; x_wconf 82' lang='lat' dir='ltr'>est</span> <span class='ocrx_word' id='word_1_43' title='bbox 1183 700 1384 761; x_wconf 78' lang='lat' dir='ltr'>quotidie</span> 
     </span>
     <span class='ocr_line' id='line_1_7' title="bbox 81 775 1387 836; baseline -0.005 -7"><span class='ocrx_word' id='word_1_44' title='bbox 81 782 362 836; x_wconf 82' lang='lat' dir='ltr'>ministrans,</span> <span class='ocrx_word' id='word_1_45' title='bbox 399 790 442 826; x_wconf 82' lang='lat' dir='ltr'>et</span> <span class='ocrx_word' id='word_1_46' title='bbox 470 778 647 825; x_wconf 84' lang='lat' dir='ltr'><strong>easdem</strong></span> <span class='ocrx_word' id='word_1_47' title='bbox 687 795 800 836; x_wconf 86' lang='lat' dir='ltr'>saepe</span> <span class='ocrx_word' id='word_1_48' title='bbox 828 776 1020 824; x_wconf 85' lang='lat' dir='ltr'>offerens</span> <span class='ocrx_word' id='word_1_49' title='bbox 1051 776 1218 824; x_wconf 67' lang='lat' dir='ltr'>hostias</span> <span class='ocrx_word' id='word_1_50' title='bbox 1238 811 1250 833; x_wconf 84' lang='lat'><em>‚</em></span> <span class='ocrx_word' id='word_1_51' title='bbox 1288 775 1387 834; x_wconf 60' lang='lat' dir='ltr'>qu&#39;ae</span> 
     </span>
    </p>
   </div>
   <div class='ocr_carea' id='block_1_4' title="bbox 79 853 1025 916">
    <p class='ocr_par' dir='ltr' id='par_1_4' title="bbox 79 853 1025 916">
     <span class='ocr_line' id='line_1_8' title="bbox 79 853 1025 916; baseline -0.011 -10"><span class='ocrx_word' id='word_1_52' title='bbox 79 873 310 916; x_wconf 79' lang='lat' dir='ltr'><strong>nunquam</strong></span> <span class='ocrx_word' id='word_1_53' title='bbox 332 863 518 913; x_wconf 82' lang='lat' dir='ltr'>possunt</span> <span class='ocrx_word' id='word_1_54' title='bbox 536 853 707 900; x_wconf 81' lang='lat' dir='ltr'>auferre</span> <span class='ocrx_word' id='word_1_55' title='bbox 728 861 930 910; x_wconf 82' lang='lat' dir='ltr'>peccata:</span> <span class='ocrx_word' id='word_1_56' title='bbox 997 884 1025 910; x_wconf 61' lang='lat'>0</span> 
     </span>
    </p>
   </div>
   <div class='ocr_carea' id='block_1_5' title="bbox 78 1039 1382 1178">
    <p class='ocr_par' dir='ltr' id='par_1_5' title="bbox 78 1039 1382 1178">
     <span class='ocr_line' id='line_1_9' title="bbox 141 1039 1382 1098; baseline -0.003 -7"><span class='ocrx_word' id='word_1_57' title='bbox 141 1065 204 1091; x_wconf 82' lang='lat'>12.</span> <span class='ocrx_word' id='word_1_58' title='bbox 223 1043 309 1089; x_wconf 89' lang='lat' dir='ltr'>Hic</span> <span class='ocrx_word' id='word_1_59' title='bbox 324 1052 470 1089; x_wconf 85' lang='lat' dir='ltr'>autem</span> <span class='ocrx_word' id='word_1_60' title='bbox 492 1057 625 1086; x_wconf 83' lang='lat' dir='ltr'>unam</span> <span class='ocrx_word' id='word_1_61' title='bbox 646 1057 727 1098; x_wconf 89' lang='lat' dir='ltr'>pro</span> <span class='ocrx_word' id='word_1_62' title='bbox 747 1039 937 1098; x_wconf 86' lang='lat' dir='ltr'>peccatis</span> <span class='ocrx_word' id='word_1_63' title='bbox 956 1039 1151 1088; x_wconf 79' lang='lat' dir='ltr'>offerens</span> <span class='ocrx_word' id='word_1_64' title='bbox 1170 1039 1382 1098; x_wconf 82' lang='lat' dir='ltr'><strong>hostiam,</strong></span> 
     </span>
     <span class='ocr_line' id='line_1_10' title="bbox 78 1113 994 1178; baseline -0.004 -14"><span class='ocrx_word' id='word_1_65' title='bbox 78 1120 125 1166; x_wconf 85' lang='lat' dir='ltr'>in</span> <span class='ocrx_word' id='word_1_66' title='bbox 142 1119 461 1178; x_wconf 85' lang='lat' dir='ltr'>sempiternum</span> <span class='ocrx_word' id='word_1_67' title='bbox 481 1119 599 1165; x_wconf 85' lang='lat' dir='ltr'>sedet</span> <span class='ocrx_word' id='word_1_68' title='bbox 620 1118 665 1162; x_wconf 90' lang='lat' dir='ltr'>in</span> <span class='ocrx_word' id='word_1_69' title='bbox 688 1115 863 1162; x_wconf 62' lang='lat' dir='ltr'>dextera</span> <span class='ocrx_word' id='word_1_70' title='bbox 886 1113 994 1172; x_wconf 82' lang='lat' dir='ltr'>Dei,</span> 
     </span>
    </p>
   </div>
   <div class='ocr_carea' id='block_1_6' title="bbox 80 1244 1379 1382">
    <p class='ocr_par' dir='ltr' id='par_1_6' title="bbox 80 1244 1379 1382">
     <span class='ocr_line' id='line_1_11' title="bbox 140 1244 1379 1304; baseline -0.002 -8"><span class='ocrx_word' id='word_1_71' title='bbox 140 1253 206 1296; x_wconf 83' lang='lat'>13.</span> <span class='ocrx_word' id='word_1_72' title='bbox 225 1251 289 1295; x_wconf 86' lang='lat' dir='ltr'>De</span> <span class='ocrx_word' id='word_1_73' title='bbox 318 1257 472 1295; x_wconf 85' lang='lat' dir='ltr'>caetero</span> <span class='ocrx_word' id='word_1_74' title='bbox 504 1255 762 1304; x_wconf 81' lang='lat' dir='ltr'>exspectans</span> <span class='ocrx_word' id='word_1_75' title='bbox 796 1245 938 1292; x_wconf 87' lang='lat' dir='ltr'><strong>donec</strong></span> <span class='ocrx_word' id='word_1_76' title='bbox 962 1253 1188 1303; x_wconf 82' lang='lat' dir='ltr'>ponantur</span> <span class='ocrx_word' id='word_1_77' title='bbox 1204 1244 1379 1294; x_wconf 79' lang='lat' dir='ltr'>inimici</span> 
     </span>
     <span class='ocr_line' id='line_1_12' title="bbox 80 1321 773 1382; baseline -0.001 -13"><span class='ocrx_word' id='word_1_78' title='bbox 80 1324 175 1382; x_wconf 75' lang='lat' dir='ltr'><strong>ejus</strong></span> <span class='ocrx_word' id='word_1_79' title='bbox 199 1322 442 1370; x_wconf 87' lang='lat' dir='ltr'><strong>scabellum</strong></span> <span class='ocrx_word' id='word_1_80' title='bbox 467 1321 632 1380; x_wconf 84' lang='lat' dir='ltr'><strong>pedum</strong></span> <span class='ocrx_word' id='word_1_81' title='bbox 664 1322 773 1379; x_wconf 83' lang='lat' dir='ltr'><strong>ejus.</strong></span> 
     </span>
    </p>
   </div>
   <div class='ocr_carea' id='block_1_7' title="bbox 79 1433 1382 1557">
    <p class='ocr_par' dir='ltr' id='par_1_7' title="bbox 79 1433 1382 1557">
     <span class='ocr_line' id='line_1_13' title="bbox 140 1433 1382 1495; baseline -0.002 -11"><span class='ocrx_word' id='word_1_82' title='bbox 140 1443 209 1495; x_wconf 71' lang='lat'>14.</span> <span class='ocrx_word' id='word_1_83' title='bbox 228 1435 334 1483; x_wconf 49' lang='lat' dir='ltr'>Una</span> <span class='ocrx_word' id='word_1_84' title='bbox 352 1435 471 1482; x_wconf 90' lang='lat' dir='ltr'>enim</span> <span class='ocrx_word' id='word_1_85' title='bbox 496 1435 719 1482; x_wconf 80' lang='lat' dir='ltr'>oblatione</span> <span class='ocrx_word' id='word_1_86' title='bbox 740 1433 1064 1482; x_wconf 83' lang='lat' dir='ltr'><strong>consummavit</strong></span> <span class='ocrx_word' id='word_1_87' title='bbox 1081 1434 1128 1480; x_wconf 87' lang='lat' dir='ltr'>in</span> <span class='ocrx_word' id='word_1_88' title='bbox 1146 1433 1382 1492; x_wconf 83' lang='lat' dir='ltr'>sempiter-</span> 
     </span>
     <span class='ocr_line' id='line_1_14' title="bbox 79 1508 530 1557; baseline -0.002 0"><span class='ocrx_word' id='word_1_89' title='bbox 79 1528 189 1557; x_wconf 89' lang='lat' dir='ltr'>num</span> <span class='ocrx_word' id='word_1_90' title='bbox 219 1508 530 1557; x_wconf 83' lang='lat' dir='ltr'>sanctificatos.</span> 
     </span>
    </p>
   </div>
   <div class='ocr_carea' id='block_1_8' title="bbox 81 1686 1376 1823">
    <p class='ocr_par' dir='ltr' id='par_1_8' title="bbox 81 1686 1376 1823">
     <span class='ocr_line' id='line_1_15' title="bbox 140 1686 1376 1746; baseline -0.005 -8"><span class='ocrx_word' id='word_1_91' title='bbox 140 1696 208 1739; x_wconf 78' lang='lat'>15.</span> <span class='ocrx_word' id='word_1_92' title='bbox 234 1690 520 1737; x_wconf 79' lang='lat' dir='ltr'>Contestatur</span> <span class='ocrx_word' id='word_1_93' title='bbox 557 1699 706 1735; x_wconf 75' lang='lat' dir='ltr'>autem</span> <span class='ocrx_word' id='word_1_94' title='bbox 745 1706 828 1737; x_wconf 86' lang='lat' dir='ltr'>nos</span> <span class='ocrx_word' id='word_1_95' title='bbox 862 1697 906 1736; x_wconf 82' lang='lat' dir='ltr'>et</span> <span class='ocrx_word' id='word_1_96' title='bbox 953 1686 1144 1746; x_wconf 82' lang='lat' dir='ltr'>Spiritus</span> <span class='ocrx_word' id='word_1_97' title='bbox 1182 1694 1376 1733; x_wconf 82' lang='lat' dir='ltr'>sanctus.</span> 
     </span>
     <span class='ocr_line' id='line_1_16' title="bbox 81 1761 631 1823; baseline -0.009 -10"><span class='ocrx_word' id='word_1_98' title='bbox 81 1768 329 1823; x_wconf 83' lang='lat' dir='ltr'>Postquam</span> <span class='ocrx_word' id='word_1_99' title='bbox 350 1762 471 1809; x_wconf 86' lang='lat' dir='ltr'>enim</span> <span class='ocrx_word' id='word_1_100' title='bbox 495 1761 631 1808; x_wconf 73' lang='lat' dir='ltr'>dixit:</span> 
     </span>
    </p>
   </div>
   <div class='ocr_carea' id='block_1_9' title="bbox 43 1883 1380 2463">
    <p class='ocr_par' dir='ltr' id='par_1_9' title="bbox 77 1883 1380 2092">
     <span class='ocr_line' id='line_1_17' title="bbox 141 1883 1380 1944; baseline -0.003 -10"><span class='ocrx_word' id='word_1_101' title='bbox 141 1892 206 1938; x_wconf 81' lang='lat'>16.</span> <span class='ocrx_word' id='word_1_102' title='bbox 229 1889 330 1935; x_wconf 88' lang='lat' dir='ltr'>Hoc</span> <span class='ocrx_word' id='word_1_103' title='bbox 346 1897 493 1933; x_wconf 86' lang='lat' dir='ltr'>autem</span> <span class='ocrx_word' id='word_1_104' title='bbox 517 1895 827 1932; x_wconf 85' lang='lat' dir='ltr'>testamentum</span> <span class='ocrx_word' id='word_1_105' title='bbox 846 1919 858 1942; x_wconf 89' lang='lat'>‚</span> <span class='ocrx_word' id='word_1_106' title='bbox 879 1885 1000 1944; x_wconf 90' lang='lat' dir='ltr'>quod</span> <span class='ocrx_word' id='word_1_107' title='bbox 1021 1884 1214 1932; x_wconf 82' lang='lat' dir='ltr'>testabor</span> <span class='ocrx_word' id='word_1_108' title='bbox 1243 1883 1300 1930; x_wconf 90' lang='lat' dir='ltr'>ad</span> <span class='ocrx_word' id='word_1_109' title='bbox 1319 1883 1380 1930; x_wconf 89' lang='lat' dir='ltr'>il—</span> 
     </span>
     <span class='ocr_line' id='line_1_18' title="bbox 78 1957 1379 2020; baseline -0.002 -12"><span class='ocrx_word' id='word_1_110' title='bbox 78 1963 144 2010; x_wconf 84' lang='lat' dir='ltr'>los</span> <span class='ocrx_word' id='word_1_111' title='bbox 169 1970 269 2020; x_wconf 88' lang='lat' dir='ltr'>post</span> <span class='ocrx_word' id='word_1_112' title='bbox 287 1959 380 2006; x_wconf 88' lang='lat' dir='ltr'>dies</span> <span class='ocrx_word' id='word_1_113' title='bbox 401 1959 499 2005; x_wconf 88' lang='lat' dir='ltr'>illos</span> <span class='ocrx_word' id='word_1_114' title='bbox 518 1996 530 2016; x_wconf 91' lang='lat'>‚</span> <span class='ocrx_word' id='word_1_115' title='bbox 553 1958 659 2005; x_wconf 84' lang='lat' dir='ltr'>dicit</span> <span class='ocrx_word' id='word_1_116' title='bbox 676 1959 894 2005; x_wconf 85' lang='lat' dir='ltr'>Dominus</span> <span class='ocrx_word' id='word_1_117' title='bbox 912 1995 923 2015; x_wconf 81' lang='lat'><strong>‚</strong></span> <span class='ocrx_word' id='word_1_118' title='bbox 952 1958 1100 2004; x_wconf 86' lang='lat' dir='ltr'>dando</span> <span class='ocrx_word' id='word_1_119' title='bbox 1112 1957 1231 2018; x_wconf 84' lang='lat' dir='ltr'><strong>leges</strong></span> <span class='ocrx_word' id='word_1_120' title='bbox 1254 1973 1379 2006; x_wconf 83' lang='lat' dir='ltr'>meas</span> 
     </span>
     <span class='ocr_line' id='line_1_19' title="bbox 77 2025 1378 2092; baseline -0.002 -10"><span class='ocrx_word' id='word_1_121' title='bbox 77 2036 126 2082; x_wconf 90' lang='lat' dir='ltr'>in</span> <span class='ocrx_word' id='word_1_122' title='bbox 146 2025 526 2092; x_wconf 58' lang='lat' dir='ltr'>cor&#39;dibusssorum</span> <span class='ocrx_word' id='word_1_123' title='bbox 543 2067 554 2088; x_wconf 85' lang='lat'>,</span> <span class='ocrx_word' id='word_1_124' title='bbox 582 2043 624 2079; x_wconf 85' lang='lat' dir='ltr'>et</span> <span class='ocrx_word' id='word_1_125' title='bbox 647 2031 694 2078; x_wconf 88' lang='lat' dir='ltr'>in</span> <span class='ocrx_word' id='word_1_126' title='bbox 713 2031 934 2079; x_wconf 86' lang='lat' dir='ltr'>mentibus</span> <span class='ocrx_word' id='word_1_127' title='bbox 950 2048 1105 2078; x_wconf 83' lang='lat' dir='ltr'>eorum</span> <span class='ocrx_word' id='word_1_128' title='bbox 1126 2031 1378 2089; x_wconf 79' lang='lat' dir='ltr'>superscri·:</span> 
     </span>
    </p>

    <p class='ocr_par' dir='ltr' id='par_1_10' title="bbox 43 2109 1378 2314">
     <span class='ocr_line' id='line_1_20' title="bbox 74 2109 308 2157; baseline -0.021 0"><span class='ocrx_word' id='word_1_129' title='bbox 74 2109 181 2157; x_wconf 82' lang='lat' dir='ltr'>bam</span> <span class='ocrx_word' id='word_1_130' title='bbox 208 2124 308 2154; x_wconf 82' lang='lat' dir='ltr'><strong>eas:</strong></span> 
     </span>
     <span class='ocr_line' id='line_1_21' title="bbox 43 2176 1378 2245; baseline -0.003 -16"><span class='ocrx_word' id='word_1_131' title='bbox 43 2176 48 2188; x_wconf 60' lang='lat'>⁸</span> <span class='ocrx_word' id='word_1_132' title='bbox 136 2190 204 2241; x_wconf 70' lang='lat'>¹7⁶·</span> <span class='ocrx_word' id='word_1_133' title='bbox 222 2180 281 2227; x_wconf 82' lang='lat' dir='ltr'>Et</span> <span class='ocrx_word' id='word_1_134' title='bbox 311 2191 593 2239; x_wconf 81' lang='lat' dir='ltr'>peccatorum</span> <span class='ocrx_word' id='word_1_135' title='bbox 618 2191 660 2228; x_wconf 87' lang='lat' dir='ltr'>et</span> <span class='ocrx_word' id='word_1_136' title='bbox 681 2180 964 2239; x_wconf 80' lang='lat' dir='ltr'>iniquitatum</span> <span class='ocrx_word' id='word_1_137' title='bbox 998 2198 1154 2229; x_wconf 87' lang='lat' dir='ltr'>eorum</span> <span class='ocrx_word' id='word_1_138' title='bbox 1169 2179 1264 2245; x_wconf 68' lang='lat' dir='ltr'>iam</span> <span class='ocrx_word' id='word_1_139' title='bbox 1285 2195 1378 2226; x_wconf 86' lang='lat' dir='ltr'>non</span> 
     </span>
     <span class='ocr_line' id='line_1_22' title="bbox 60 2254 571 2314; baseline 0 -10"><span class='ocrx_word' id='word_1_140' title='bbox 60 2254 344 2304; x_wconf 52' lang='lat' dir='ltr'>recordabor</span> <span class='ocrx_word' id='word_1_141' title='bbox 365 2256 571 2314; x_wconf 69' lang='lat' dir='ltr'>amplifis.</span> 
     </span>
    </p>

    <p class='ocr_par' dir='ltr' id='par_1_11' title="bbox 62 2326 1377 2463">
     <span class='ocr_line' id='line_1_23' title="bbox 133 2326 1377 2390; baseline -0.002 -15"><span class='ocrx_word' id='word_1_142' title='bbox 133 2331 198 2375; x_wconf 80' lang='lat'>18.</span> <span class='ocrx_word' id='word_1_143' title='bbox 214 2326 303 2374; x_wconf 88' lang='lat' dir='ltr'>Ubi</span> <span class='ocrx_word' id='word_1_144' title='bbox 322 2338 471 2375; x_wconf 86' lang='lat' dir='ltr'>autem</span> <span class='ocrx_word' id='word_1_145' title='bbox 493 2329 658 2378; x_wconf 88' lang='lat' dir='ltr'>horum</span> <span class='ocrx_word' id='word_1_146' title='bbox 678 2330 909 2379; x_wconf 84' lang='lat' dir='ltr'>remissio:</span> <span class='ocrx_word' id='word_1_147' title='bbox 929 2330 1021 2390; x_wconf 86' lang='lat' dir='ltr'>jam</span> <span class='ocrx_word' id='word_1_148' title='bbox 1042 2345 1136 2377; x_wconf 90' lang='lat' dir='ltr'>non</span> <span class='ocrx_word' id='word_1_149' title='bbox 1157 2337 1223 2377; x_wconf 88' lang='lat' dir='ltr'>est</span> <span class='ocrx_word' id='word_1_150' title='bbox 1251 2326 1377 2376; x_wconf 82' lang='lat' dir='ltr'><strong>obla·</strong></span> 
     </span>
     <span class='ocr_line' id='line_1_24' title="bbox 62 2396 643 2463; baseline 0.005 -15"><span class='ocrx_word' id='word_1_151' title='bbox 62 2398 131 2452; x_wconf 63' lang='lat' dir='ltr'>&#39;tio</span> <span class='ocrx_word' id='word_1_152' title='bbox 153 2420 234 2463; x_wconf 87' lang='lat' dir='ltr'>pro</span> <span class='ocrx_word' id='word_1_153' title='bbox 250 2411 448 2461; x_wconf 81' lang='lat' dir='ltr'>peccato.</span> <span class='ocrx_word' id='word_1_154' title='bbox 636 2396 643 2399; x_wconf 56' lang='grc'><strong>’</strong></span> 
     </span>
    </p>
   </div>
  </div>
 </body>
</html>
