1474 2658
86 123 92 126 ‚
287 53 292 55 <
359 75 501 113 mm
526 77 689 112 utnon
718 82 776 113 Εἰ·
804 55 1068 115 mannum.
1284 71 1372 133 '409

0 121 211 192 w
493 143 752 195 Giumlmn
776 160 924 195 Aeno.

0 204 270 290 distruunt-nm
283 245 383 284 aetio
401 245 528 295 praxis
544 249 602 283 est
615 245 787 294 apostolo
800 245 915 281 Paulo
935 245 1279 293 frequens.11.1⁵.
1303 252 1364 287 16.

15 303 204 345 'fvt-tiu
219 303 300 351 agit
314 306 394 340 Deo
413 303 454 340 in
477 302 583 340 omni
605 301 778 351 epistola.
799 301 948 348 Quare?
969 302 1068 340 Ibid.
1143 302 1154 307 χ

1 352 31 386 ‘t
49 357 132 398 Per
148 359 277 396 Jeuum
293 357 503 395 Christum.
529 362 676 404 Quare
665 356 683 382 ⁹
698 357 801 395 Ibid.

0 409 7 450 f
57 417 271 455 Gratiarum
296 415 397 453 actio
419 427 505 453 cum
524 415 696 452 oratione
710 416 919 463 jungenda.
943 416 1018 455 IV.
1044 420 1127 454 198.

57 473 270 523 Qtiarun
298 473 401 510 actio
427 477 468 511 et
496 473 616 510 oratio
650 473 791 519 debent
826 484 907 510 esse
940 473 1143 510 continuae.
1177 474 1251 515 IV.
1282 480 1369 514 399.

107 532 196 568 40⁷.
253 538 260 541 '

57 586 120 628 De
146 587 346 637 omnibuS,
368 588 483 627 etiam
505 588 553 625 de
577 587 766 634 molestis,
799 588 930 635 gratiae
950 593 1028 626 Deo
1052 591 1143 626 sunt
1171 587 1366 627 habendae.

54 645 356 752 Reiigiog'giiest
381 704 431 739 ad
457 704 533 740 duo
554 701 723 752 practice
744 701 901 748 reduci,
933 703 982 739 ad
1006 703 1233 752 petitionem
1258 707 1296 742 el
1325 706 1374 741 ad

105 760 311 810 graiarum
337 762 541 799 actionem.
567 761 600 798 I.
626 766 705 799 15.

54 819 268 857 Gratiarum
282 819 383 855 aetio
402 823 458 855 est
478 818 603 866 praxis
620 823 658 855 et
676 819 829 858 devotio
844 820 1122 879 apostoliea.1.
1144 824 1203 858 16.
1221 824 1366 868 Quare
1355 821 1373 846 Ρ

102 873 206 912 Ibid.

57 932 119 970 Sit
141 935 181 971 el:
197 935 339 970 nostra.
361 932 465 970 Ibid.

54 997 111 1030 De
131 992 300 1040 quihus
287 993 476 1041 unprimis
490 993 670 1030 debemus
687 997 765 1031 Deo
781 967 918 1042 gratias
934 1006 1069 1043 agere,
1093 999 1131 1034 et
1149 995 1372 1044 quomodo?
1406 1049 1411 1053 ,

102 1051 203 1088 Ibid.

602 1105 808 1139 GROTIUS.

50 1178 174 1217 Grotii
194 1183 295 1216 notae
315 1178 557 1216 observandae
576 1183 708 1215 contra
725 1180 940 1216 haereticos.
961 1178 995 1216 Ι.
1021 1182 1105 1216 406.
1127 1183 1213 1217 409.

51 1236 203 1274 Grotius
215 1236 317 1272 eirca
331 1236 535 1273 secundam
550 1239 592 1273 D.
618 1236 723 1272 Pauli
738 1237 938 1284 epistolam
956 1236 1005 1272 ad
1017 1235 1366 1272 Thessalonicenses

99 1294 181 1328 toto
198 1291 295 1327 coelo
314 1290 515 1326 aberravit.
540 1289 592 1329 V.
615 1302 673 1326 ιιι.

48 1354 171 1392 Grotii
185 1354 403 1392 temeritas*
393 1366 432 1391 m
449 1355 673 1402 explicando
692 1355 859 1392 secundo
870 1355 996 1403 capite
1009 1355 1184 1428 seeundae
1196 1355 1366 1403 epistole

98 1411 148 1448 ad
163 1411 528 1449 Thessalonicenses.

46 1465 104 1506 De
118 1467 213 1506 Caio
226 1467 400 1516 Caligula
419 1473 457 1505 et
474 1469 521 1505 de
539 1467 693 1506 Simone
710 1469 825 1517 Mago
840 1460 1026 1517 intelligit
1043 1437 1146 1519 quod
1165 1473 1209 1505 D.
1225 1471 1363 1507 Paulus

97 1526 147 1563 de
158 1526 397 1569 Antichristo
415 1526 523 1562 dixit.
546 1526 594 1565 V.
618 1531 679 1562 36.
701 1531 761 1563 37.

45 1585 235 1622 Grotianae
256 1585 449 1633 opinionis
467 1584 657 1621 temeritas
671 1585 866 1631 probatur.
893 1584 994 1621 Ibid.

44 1641 223 1691 EJusdem
242 1641 434 1690 opinionis
451 1641 592 1677 falsitas
616 1642 810 1688 probatur.
830 1641 931 1677 Ibid.

566 1726 720 1759 HAERES
750 1725 841 1759 Dm.

41 1806 246 1853 Christus,
264 1810 307 1843 ut
322 1807 463 1850 homo,
491 1804 613 1842 factus
637 1811 694 1843 est
709 1802 829 1843 'haeres
845 1805 927 1842 Dei.
947 1805 1022 1846 VI.
1045 1808 1080 1842 9.

42 1862 182 1904 Voluit
202 1863 342 1900 habere
364 1863 592 1899 cohaeredes.
613 1863 683 1902 VI.
709 1868 767 1900 10.

39 1919 309 1968 Christianus,
335 1921 425 1968 quia
447 1920 561 1965 filius,
582 1922 672 1967 Dei,
696 1925 734 1957 et
761 1921 915 1969 quidem
939 1920 1088 1967 major:
1121 1919 1212 1956 hinc
1238 1920 1353 1999 pleno

88 1978 174 2026 iure
189 1978 309 2016 haeres
331 1983 388 2015 est
405 1977 486 2014 Dei.
510 1978 588 2014 III
610 1949 695 2015 [αἰ.
719 1983 803 2015 422.

40 2034 139 2071 Hinc
157 2034 321 2082 Spiritus
345 2038 493 2070 sanctus
517 2034 552 2070 ei
575 2035 683 2070 datus
701 2038 778 2079 est,
802 2037 845 2070 ut
862 2045 949 2082 pars
966 2037 1004 2071 et
1021 2034 1131 2071 arrha
1149 2032 1350 2071 haeredita-

89 2090 141 2128 tis
164 2095 326 2127 aeternae.
346 2091 448 2127 Ibid.

37 2151 187 2194 Quanta
206 2147 415 2185 Christiani
437 2147 615 2184 nobilitas
633 2152 670 2185 et
693 2147 878 2185 felicitas!
900 2148 1001 2184 Ibid.

38 2209 94 2244 Ne
112 2207 161 2243 sit
179 2207 368 2254 degener,
390 2205 493 2242 vivat
521 2205 636 2252 digne
659 2210 761 2251 Deo,
792 2206 1012 2254 temporalia
1038 2208 1216 2254 spernat,
1244 2206 1351 2243 aete‘r-

88 2274 139 2300 na
155 2263 352 2299 desideret.
379 2261 453 2298 III.
483 2263 570 2297 422.
599 2261 636 2301 “8
641 2262 702 2299 ide
722 2262 982 2299 Christianus.

38 2317 275 2356 Christianus
294 2318 394 2355 filius
415 2315 486 2354 Dei
506 2323 588 2364 est,
613 2329 703 2368 ergo
725 2324 764 2358 et
789 2320 907 2358 haeres
919 2334 929 2365 ;
950 2319 1039 2369 qnia
1057 2318 1257 2357 haereditas
1274 2331 1347 2368 pa·
1418 2312 1421 2314 ’

88 2380 158 2418 tris
173 2381 329 2417 debetur
347 2379 452 2416 filiis.
480 2380 514 2416 I.
547 2385 631 2424 ¹94,

40 2438 139 2486 Quid
155 2440 203 2477 sit
223 2439 419 2477 haereditas
435 2437 532 2476 Dei?
550 2439 650 2477 Ibid.
1210 2489 1238 2534 8

211 2506 274 2539 3‘1.
1182 2505 1202 2532 1
