1474 2658
3 0 90 83 r
119 39 132 57 ⁴
375 47 976 106 Mannum-,Cen
1004 48 1114 95 XII.
1332 53 1416 99 a&

42 123 47 137 ¹
81 118 711 188 mmmm
728 126 1420 182 spoeoesmmqmefiehm‘inhoc

80 200 326 258 mer-¹4
349 188 767 251 Hammeaxssfle
796 190 988 235 familiaris
1009 198 1049 234 et
1077 194 1418 250 malignam-2,-

16 254 27 302 s
90 268 178 312 tus,
193 259 339 303 dixerit
356 275 366 299 t
382 245 627 307 Exterritus,
652 271 738 298 sum
757 263 795 298 et
816 258 1112 303 tremebundus.
1259 311 1262 315 Α

146 323 215 369 Ad
230 324 329 374 haec,
352 325 525 380 inquam,
553 323 731 365 terribilia
755 322 974 378 spectacula
997 338 1078 365 non
1097 326 1324 378 accessistis,
1344 327 1416 370 sed

87 407 160 448 per
185 393 303 436 fidem
332 398 372 433 et
395 387 592 445 Baptisma
621 391 832 432 accessistis
863 389 910 430 ad
929 404 991 431 res
1024 394 1072 432 eo
1103 395 1409 445 praestantiores,

89 461 179 513 quo-
202 460 322 511 magis
341 455 554 512 spirituales
574 485 587 508 ,
607 455 656 496 ad
683 455 916 509 spiritualem
937 462 1109 497 montem
1133 454 1225 497 Sion
1243 489 1253 506 ,
1273 453 1323 499 ad
1347 457 1409 500 ci-

88 524 248 564 vitatem
274 520 347 565 Dei
368 522 559 575 viventis,
575 514 796 571 Jerusalem
814 520 1036 574 coelestem,
1061 520 1111 563 ad
1135 522 1410 566 innumerabi-

89 586 182 630 lium
204 584 638 639 Angelorum'coezum

145 648 214 694 Ad
239 649 451 694 Ecclesiam
482 649 743 704 apostolorum
778 656 815 691 et
851 655 1086 704 martyrum,
1118 650 1407 704 primorumque

86 714 235 760 Christi
255 717 428 760 fidelium
466 718 530 771 qui
567 717 749 770 primitias
782 713 944 769 Spiritus
980 721 1232 770 acceperunt3
1268 717 1410 771 quippe

85 786 163 836 jam
190 783 267 825 vita
283 783 426 834 functi,
447 789 610 836 regnant
625 784 664 822 in
685 781 790 822 coelis
810 799 819 829 ;

149 848 216 893 Ad
246 852 415 903 judicem
439 853 708 892 universo-rum
725 848 854 891 Deum
868 881 879 901 ,
899 852 958 892 cui
979 849 1161 891 charitate
1177 851 1273 891 uniti
1288 853 1379 892 estis
1398 869 1408 898 3

141 914 208 959 Ad
224 919 376 971 spiritus
399 915 692 970 patriarcharum
707 947 717 965 ,
735 915 1007 969 prophetarum
1029 921 1065 955 et
1090 909 1266 956 omnium
1283 929 1403 958 sanc-

83 988 233 1031 torum,
259 983 323 1035 qui
349 995 415 1035 per
443 980 560 1021 fidem
589 981 683 1020 mira
709 981 854 1033 operati
884 986 921 1020 et
940 982 1037 1034 passi
1055 985 1170 1025 suntz
1435 976 1437 978 ’

140 1045 206 1090 Ad
226 1048 318 1089 novi
338 1044 578 1088 Testamenti
599 1045 822 1100 pontificem
848 1042 980 1086 Jesum
995 1076 1006 1096 ‚
1033 1046 1092 1086 cui
1108 1076 1118 1095 ‚
1139 1044 1243 1087 velut
1270 1060 1402 1088 mem-

7 1131 16 1135 *
81 1115 150 1156 bra
168 1115 304 1166 capiti,
326 1112 556 1166 incorporati
577 1113 667 1168 estis
685 1126 694 1158 ;
723 1110 770 1151 ad
790 1109 903 1161 hujus
931 1110 1120 1164 pontilicis
1143 1113 1368 1165 sanguinem
1388 1142 1399 1162 ‚

81 1181 188 1231 cujus
205 1181 424 1232 aspersione
447 1177 666 1218 sanctificati
690 1179 801 1224 estis,
829 1183 865 1218 et
886 1179 948 1230 qui
974 1191 1050 1217 non
1074 1178 1282 1218 vindictam
1301 1192 1403 1231 pos—

81 1243 205 1294 tulat,
223 1250 263 1284 ut
287 1244 438 1295 sanguis
460 1239 586 1293 Abel,
615 1241 684 1282 sed
704 1239 1005 1282 misericordiam
1033 1242 1225 1293 impetrat.

135 1305 264 1348 Tanta
289 1314 326 1348 et
349 1313 427 1348 tarn
450 1304 779 1360 multiplicigratia
797 1308 984 1360 praeventi
999 1336 1009 1354 ,
1037 1306 1168 1347 videte
1187 1321 1237 1347 ne
1259 1304 1399 1348 Chris-

78 1381 179 1424 turn,
202 1370 421 1428 Christique
455 1371 690 1426 Sanguinem
717 1373 814 1414 adeo
845 1372 1054 1414 clementer
1080 1387 1150 1427 pro
1185 1375 1297 1414 vobis
1326 1374 1395 1415 lo-

78 1449 262 1498 quentem
275 1474 286 1490 ,
304 1444 561 1495 aspernemini
577 1472 588 1491 ‚
612 1442 660 1483 ab
691 1442 772 1492 ejus
788 1440 864 1482 fide
882 1440 1105 1482 deficientes
1123 1459 1132 1482 ε

135 1502 316 1557 Etenim,
336 1509 366 1547 si
389 1514 511 1561 patres
541 1509 657 1548 vestri
679 1538 690 1555 ‚
716 1504 849 1561 Moysi
874 1506 1022 1547 homini
1048 1508 1086 1546 in
1107 1504 1206 1547 terra
1223 1506 1397 1562 loquenti

75 1587 156 1614 non
172 1571 421 1621 obedientes,
441 1571 611 1612 divinam
634 1570 819 1611 ultionem
840 1584 918 1610 non
943 1568 1156 1622 effugerunt
1175 1587 1184 1614 ;

134 1634 258 1677 Multo
275 1637 400 1676 minus
419 1648 489 1675 nos
507 1631 708 1674 Christiani
728 1633 950 1688 supplicium
972 1633 1190 1680 vitabimus,
1211 1633 1241 1672 si
1263 1629 1394 1673 Chris·

77 1707 155 1742 tum
183 1697 320 1741 Filium
342 1697 414 1740 Dei
439 1703 461 1740 ὲ
481 1699 576 1739 coelo
607 1700 721 1740 nobis
740 1698 962 1753 loquentem
981 1712 1061 1738 non
1085 1697 1300 1747 audiamus,
1321 1696 1392 1738 sed

74 1779 308 1807 aversemur.

133 1828 251 1882 Cujus
278 1829 419 1871 Christi
449 1827 523 1872 Dei
555 1844 636 1871 vox
666 1836 804 1871 terram
834 1830 976 1878 movit,
999 1831 1085 1868 cum
1104 1827 1166 1869 lex
1196 1829 1234 1868 in
1259 1833 1392 1869 monte

73 1892 166 1936 Sina
190 1895 362 1941 <lamium
389 1902 426 1936 at
449 1897 553 1948 cujus
584 1909 664 1936 vox
681 1925 692 1947 ‚
716 1897 820 1946 juxta
848 1893 987 1947 Aggaei
1006 1893 1247 1948 prophetiam
1266 1924 1278 1945 ‚
1294 1907 1390 1934 *rur-

71 1975 136 2001 sus
153 1960 376 2015 aliquando,
400 1975 480 2001 non
499 1958 590 2001 Sina
610 1964 758 2001 tantum
775 1965 813 2000 et
832 1966 969 2000 terram
982 1990 992 2009 ‚
1011 1958 1080 2000 sed
1098 1965 1137 1999 et
1154 1961 1280 2013 ipsum
1298 1971 1387 1998 coe-

69 2026 148 2066 lum
170 2028 358 2067 movebit.

127 2095 252 2139 Porro
269 2131 280 2149 ‚
301 2102 386 2139 cum
411 2113 479 2153 per
497 2095 685 2153 Aggaeum
705 2099 797 2140 dicit
815 2115 824 2139 ε
844 2097 987 2140 Adhuc
1007 2098 1126 2140 semel
1146 2105 1184 2140 et
1199 2112 1271 2151 ego
1291 2110 1386 2138 mo-

69 2164 174 2220 vebo
188 2195 199 2214 ,
220 2178 297 2204 non
323 2163 448 2204 solum
468 2171 606 2204 terram
625 2194 636 2213 ,
663 2164 732 2204 sed
763 2170 801 2205 et
822 2163 960 2205 coelum
975 2194 987 2215 ‚
1015 2163 1200 2216 significat
1233 2177 1276 2203 ea
1299 2175 1387 2215 quae

9 2252 17 2259 ν
67 2237 274 2271 moventur
288 2261 298 2279 ‚
316 2237 454 2270 terram
478 2228 618 2270 scilicet
649 2236 686 2270 et
712 2229 851 2270 coelum
865 2261 877 2280 ‚
907 2243 992 2270 esse
1012 2228 1293 2271 transmutanda
1311 2257 1323 2276 ,
1344 2233 1388 2267 ut.

66 2293 250 2349 deinceps
271 2296 310 2336 in
329 2299 516 2336 aeternum
532 2302 711 2336 maneant
737 2294 822 2336 coeli
849 2296 940 2337 novi
957 2300 995 2336 et
1018 2301 1116 2336 terra
1134 2308 1234 2335 nova
1253 2324 1263 2342 ,
1289 2306 1385 2345 reg-

65 2371 160 2400 num
174 2359 318 2401 scilicet
334 2356 477 2400 Christi
497 2367 803 2401 consummatum
819 2373 915 2400 :nec
929 2361 1067 2401 mirum
1078 2362 1126 2401 sit
1141 2359 1201 2400 illa
1216 2355 1386 2403 affluis·

63 2421 103 2465 lo
121 2426 384 2476 transmutari,
407 2437 494 2479 quae
518 2423 566 2465 ad
593 2424 633 2466 id
649 2423 746 2467 sacta
765 2431 851 2466 sunt
871 2428 893 2466 a
924 2420 1094 2466 Christo.

297 2495 358 2522 vr.
1203 2490 1268 2521 12.
