1474 2658
0 90 22 146 {35
166 84 181 122 ’,
209 78 213 91 ⁵
314 95 452 127 mom
471 96 657 127 nanum
677 100 734 129 εἰ·
763 94 1024 132 vannorum.
1242 83 1331 149 395

0 152 3 162 ’
25 197 29 203 .
2 166 110 218 ξαί.ιι
120 188 121 194 =
131 186 149 203 ,κ
521 177 824 213 EvANGELmM.

0 240 278 298 Ευιιμίἰυω
289 246 394 283 velut
411 247 522 284 arbor
540 247 676 285 crescit
695 251 732 285 et
750 247 963 286 fructificat.
979 248 1053 290 IV.
1069 255 1154 289 306.

0 300 124 354 Quis
135 303 240 341 itlius
253 303 419 342 fructus
409 304 426 329 i’
437 305 532 343 ibid.

22 360 132 416 Felir
144 363 213 401 ille
227 363 275 400 de
296 368 374 412 quo
394 363 471 400 dici
489 366 640 419 potest,
662 364 768 412 quod
785 363 832 401 de
850 362 1168 401 Colossensibus:
1193 376 1236 402 ex
1253 378 1329 415 quo

31 407 233 480 grafium
249 414 323 462 Dei
341 425 540 473 cognovit,
567 424 607 462 in
633 426 716 475 ipso
735 424 854 473 gratia
876 425 996 462 crevit
1014 429 1052 463 et
1072 425 1328 465 fructificaxit.

41 481 169 519 lbi'd.

22 538 271 589 Evangelium
286 541 415 590 gloriae
427 540 500 579 Dei
510 569 524 590 ,
542 553 609 579 cur
624 542 675 580 ita
689 536 861 580 dictum?
877 541 916 581 V
935 546 1012 580 81..

22 597 275 646 Evangelium
292 603 349 637 est
366 601 488 638 honus
506 602 553 638 de
571 600 723 638 Christo
742 600 922 638 salvatore
934 601 1104 638 nuntius.
1120 601 1175 638 II.
1193 604 1279 638 ⁴44.

24 656 144 706 Cujus
161 668 324 703 summa,
343 658 448 707 quoii
466 659 569 696 Deus
586 659 706 696 faetus
720 659 767 695 sit
783 659 896 696 homo
909 686 919 705 ‚
940 658 1046 695 cruci
1071 658 1200 696 affixus
1217 662 1255 696 et
1272 669 1333 696 re-

74 713 291 750 surrexerit.
311 713 406 751 Ibid.

23 772 148 810 Vitam
161 776 200 818 et
212 776 371 820 mortem
384 773 496 811 nobis
509 775 652 811 revelat
672 788 680 808 :
702 773 814 810 vitam
830 777 871 809 ut
886 774 1074 820 vivamus,
1095 777 1253 812 mortem
1263 801 1274 823 ‚
1289 777 1333 811 ut

73 832 348 870 annuemus.
369 832 403 869 Ι.
430 837 492 871 28.
515 839 576 872 29,

23 872 202 919 haberet
215 882 367 930 modum
385 882 562 928 vivendi,
582 887 618 920 et
636 884 789 920 modum
805 883 950 920 vitandi
965 887 1137 920 mortem.
1154 885 1187 921 I.
1206 887 1268 921 42.

23 937 274 985 Evangelium
287 942 343 974 est
360 943 474 987 typus
492 943 642 984 noster,
664 940 800 975 nostris
816 940 982 975 moribus
996 940 1275 987 exprimendus,
1298 938 1331 976 Ι.

78 996 162 1031 143.

23 1049 224 1099 Evangelii
247 1051 382 1088 veritas
399 1050 621 1087 authentico
643 1051 884 1088 sanctissimae
905 1050 1098 1087 Trinitatis
1118 1050 1333 1089 testimonio

74 1107 430 1152 confirmata3h1uc
447 1107 513 1155 qui
532 1107 759 1144 contradicit
776 1107 1002 1155 Evangelio,
1029 1105 1111 1143 Deo
1135 1107 1220 1156 ipso
1237 1119 1333 1145 con-

73 1166 244 1204 tradicit.
259 1165 334 1204 ΙΙΙ.
352 1170 411 1202 26.

22 1225 272 1275 Evangelium
285 1227 441 1264 verbum
459 1226 807 1272 veritatiS.Qua1·.e
797 1225 814 1250 ἲ)
828 1225 921 1262 lbid.

21 1280 222 1331 Evangelii
239 1294 357 1331 supra.
375 1284 498 1331 legem
517 1283 719 1320 Mosaicam
733 1282 1012 1330 praecellentiae
1032 1282 1108 1321 III.
1127 1287 1211 1322 391.
1244 1287 1330 1322 392.

76 1343 163 1377 393.
182 1339 258 1380 IV.
284 1343 371 1378 251.

22 1395 273 1445 Evangelium
293 1397 438 1434 nullam
453 1397 598 1444 patitur
615 1395 825 1433 mixturam.
842 1394 919 1432 III.
940 1399 1027 1433 316.

23 1453 122 1490 nine
137 1453 249 1492 multi
261 1457 350 1490 sunt
368 1453 551 1501 Evangeli
566 1455 817 1490 subversores.
839 1452 938 1488 Ibid.

23 1506 286 1560 Evangelistae.
307 1511 408 1558 Qui?
425 1511 500 1550 IV.
522 1517 605 1550 107.

345 1595 652 1629 EVANGELICUS
681 1593 1010 1629 CONOEONATOR.

25 1676 283 1715 concionator
301 1677 543 1724 evangelicus
557 1676 727 1712 attendat
742 1687 791 1712 an
804 1702 814 1720 ‚
835 1674 934 1711 sicut
950 1674 1001 1711 D.
1026 1671 1185 1720 Paulus,
1204 1685 1273 1724 per
1291 1677 1329 1711 ct

73 1734 270 1781 juxtachi
300 1735 534 1770 voluntatem
560 1732 756 1781 praedicet.
777 1731 830 1768 Π.
855 1733 914 1768 40.
941 1730 1042 1768 Vide
1058 1729 1330 1768 Concionator.

77 1793 315 1830 Praedicare.

22 1855 258 1906 Simpliciter
269 1855 490 1905 praedieavit
504 1854 552 1892 D.
567 1852 707 1891 Paulus
719 1883 728 1899 ,
744 1853 832 1902 quia
844 1853 947 1890 Deus
964 1853 1167 1889 humanam
1182 1851 1333 1902 sapien—

73 1913 416 1961 tiamreprobavit,
434 1916 471 1949 et
485 1912 576 1962 quia
590 1917 718 1949 Jesum
737 1911 957 1948 crucifixum
974 1911 1207 1959 praedicavit.
1228 1911 1328 1947 Ibid.

24 1972 188 2015 Utraque
213 1967 308 2003 ratio
327 1969 589 2014 evangelicum
609 1967 916 2003 concionatorem
946 1967 1057 2003 debet
1075 1966 1095 2001 a
1113 1966 1231 2003 nimio
1250 1967 1333 2003 elo-

70 2023 237 2072 quentiae
254 2023 379 2059 studio
398 2028 579 2060 avertere.
600 2023 703 2060 Ibid.
720 2019 736 2026 -

23 2079 207 2129 Doctrina
224 2080 460 2117 auditoribus
489 2079 797 2116 acconmodanda
821 2095 829 2115 2
857 2079 897 2115 id
920 2078 1082 2116 faciebat
1097 2078 1146 2115 D.
1167 2080 1328 2127 Paulus;

72 2138 183 2173 multi
199 2148 276 2173 non
291 2137 393 2174 idem
410 2137 568 2175 faciunt.
591 2137 645 2173 ΙΙ.
670 2141 731 2173 65.

20 2192 211 2232 Bonorum
240 2195 497 2244 operariorum
525 2194 757 2238 consolatio,
786 2204 857 2242 pro
882 2192 1145 2240 magnitudine
1162 2194 1326 2240 laboris,

18 2291 20 2294 ,
70 2255 143 2291 erit
162 2266 291 2292 eorum
310 2266 466 2292 merces.
494 2255 549 2292 ΙΙ.
572 2259 632 2291 68.
661 2252 763 2292 Vide
789 2252 1067 2301 Concionator,
1086 2251 1327 2302 Apostolus,

70 2311 336 2360 Apostolicus.

461 2375 551 2408 LUX
581 2374 876 2408 EVANGELICA.

17 2448 95 2487 Lux
112 2450 348 2500 evangelica,
368 2450 431 2487 lux
445 2450 579 2489 mundi
593 2477 603 2497 ‚
619 2450 732 2498 hujus
745 2449 842 2487 lucis
855 2447 977 2497 origo.
999 2447 1076 2486 111.
1105 2452 1167 2485 81.
