1430 2658
366 82 548 120 'Imm
575 67 822 119 mosum.
852 72 953 128 Cap.
985 69 1046 113 ll.
1090 126 1096 130 μ
1309 69 1389 116 33-

101 146 284 210 8ῇφιιῑ,ειὶ>
304 161 422 206 opere
445 145 611 190 Domini
633 146 730 189 nihil
754 149 968 203 excipitur,
992 149 1048 190 sic
1066 149 1090 190 ὲ
1113 154 1304 204 potestate
1325 155 1368 191 et

45 205 508 272 demipb„cllri⁸¹l.}1¹ihil
536 213 727 255 eximitur.
753 208 928 254 Christus
956 226 1048 266 ergo
1073 214 1246 256 omnium
1270 227 1360 255 om-

37 270 418 335 ninoJaereaturamm-
430 273 639 320 Dominus.
1207 310 1210 313 .
1266 295 1270 307 ι

86 333 227 392 ’Ναὶ
252 353 385 389 autem
421 343 585 386 necdum
615 343 792 386 videmus
820 345 957 384 omnia
987 343 1164 398 subjecta
1197 346 1246 387 εἰ.
1277 343 1354 400 His

41 411 171 466 verbis
183 406 570 468 'Apostolus—'occurrit
586 409 796 460 objectioni
816 421 902 463 quae
915 408 999 451 fieri
1018 415 1144 462 potest
1161 409 1328 454 dicendo
1341 441 1356 465 ,

39 475 147 533 quod
163 473 469 519 manifestum-sit
489 489 569 516 non
588 474 718 516 omnia
737 475 871 526 subjici
888 476 1050 528 imperio
1068 471 1226 516 Christi.

99 541 257 587 Fatetur
276 542 448 586 nondum
468 541 673 598 advenisse
690 548 840 595 tempus
855 556 932 597 quo
946 541 1146 598 prophetia
1160 542 1242 586 haec
1259 559 1353 599 per-

33 609 136 662 seete
155 609 382 663 impleatur-5
405 607 475 650 sed
495 609 704 650 certissime
725 606 993 648 adventurum.

95 672 289 732 Equidem
309 675 435 730 quoad
453 675 713 716 auctoritatem
731 679 770 714 et
791 679 1017 726 potestatem
1030 703 1044 724 ,
1071 673 1228 716 Christo
1249 675 1350 715 sub-

28 737 254 794 jectanea!
274 741 411 780 omnia
435 755 450 779 .·
473 739 568 779 data
592 745 650 778 est
670 737 774 778 mihi
791 737 922 778 omnis
947 735 1119 791 potestas
1136 741 1177 779 in
1198 740 1294 780 calo
1315 746 1354 780 el

37 805 79 844 in
98 801 214 861 ten-d.
235 800 376 845 Matth.
401 801 469 844 28.
499 819 565 860 19.

97 864 240 920 Quoad
262 870 534 915 executionem
552 869 646 910 verb
671 867 918 920 subjicientur
942 866 1091 909 realiter
1113 869 1242 910 omnia
1265 875 1351 923 post

34 931 212 986 generate
229 931 424 993 judioium.

90 996 264 1047 lule-rim.
850 1031 855 1037 .
1283 1030 1285 1033 Α

89 1061 137 1109 Y.
156 1080 198 1122 9.
217 1063 319 1104 Eum
337 1071 468 1105 autem
489 1066 559 1119 qui
576 1064 770 1107 modico...
793 1060 865 1106 Gr.
891 1063 1013 1106 breve
1034 1063 1125 1120 quid
1149 1079 1227 1120 prae
1248 1059 1348 1106 An·-

32 1127 128 1182 gelis
147 1130 379 1170 minoratum
392 1161 404 1181 ‚
429 1135 503 1171 etc.

91 1187 139 1232 ld
158 1197 241 1240 est,
266 1192 418 1234 interim
439 1191 615 1233 videmus
630 1223 643 1242 ‚
664 1206 730 1233 seu
755 1194 860 1234 certo
879 1195 1147 1246 cognoscimus
1173 1206 1262 1234 eum
1287 1194 1371 1247 qui-

30 1252 82 1295 ad
99 1255 219 1296 breve
230 1260 379 1308 tempus
395 1254 463 1297 suit
477 1258 603 1297 minor
614 1254 791 1308 Angelis,
807 1254 1022 1298 Dominum
1035 1257 1176 1299 scilicet
1192 1255 1219 1298 J
1223 1271 1344 1308 esum,

33 1326 190 1375 propter
214 1322 429 1376 passionem
445 1351 456 1372 ,
478 1334 543 1361 seu
576 1327 808 1362 tormentum
834 1323 995 1373 mortis,
1025 1336 1139 1376 quam
1163 1321 1341 1376 pertulit;

24 1383 155 1438 gloria
170 1391 209 1425 et
227 1383 372 1426 honore
388 1392 631 1426 coronatum.

87 1449 213 1504 Quasi
238 1451 416 1494 diceret:
443 1449 529 1493 Etsi
556 1451 732 1494 nondum
757 1451 945 1508 completa
973 1453 1022 1494 sit
1050 1451 1219 1506 perfecte
1247 1467 1349 1507 pro-

31 1512 162 1567 phetia
176 1544 188 1563 ‚
215 1529 265 1556 ex
295 1521 400 1570 parte
418 1521 548 1556 tamen
568 1514 797 1569 completam
819 1515 1009 1557 videmus.
1031 1511 1120 1555 Jam
1140 1517 1244 1556 enim
1263 1520 1346 1556 toto

27 1580 126 1623 orbe
149 1579 311 1622 celebris
338 1586 398 1621 est
419 1577 617 1632 Christus,
644 1582 720 1632 jam
743 1582 782 1620 in
811 1583 891 1632 ejus
914 1581 1070 1620 nomine
1099 1594 1214 1619 omne
1239 1594 1344 1632 genu
1412 1614 1415 1618 ,

25 1643 204 1697 flectitur
225 1648 264 1686 in
291 1644 421 1695 ecelis,
448 1646 487 1685 in
516 1646 625 1685 terris
650 1651 687 1685 et
713 1646 752 1685 in
777 1643 921 1686 inseris.
941 1641 1035 1685 Jam
1057 1644 1233 1686 videmus
1253 1658 1343 1686 eum

29 1711 173 1768 ubique
197 1715 218 1753 ὲ
239 1711 416 1753 fidelibus
435 1711 608 1762 adorari,
632 1719 670 1753 et
691 1715 778 1753 cum
806 1712 889 1753 haec
910 1711 1114 1766 adimpleta
1141 1712 1341 1763 videmus,

27 1782 166 1820 caetera
185 1776 427 1831 adimplenda
450 1791 530 1818 non
552 1777 791 1827 dubitamus;
815 1776 906 1819 vide
928 1776 1199 1836 paraphrasim.

91 1839 146 1879 Ut
160 1840 292 1892 gratia
319 1840 399 1880 Dei
411 1855 483 1893 pro
502 1841 722 1882 omnibus...

83 1899 157 1944 Est
176 1901 377 1956 explicatio
395 1906 476 1956 ejus
493 1903 597 1959 quod
615 1904 795 1959 praecedit
808 1934 820 1955 ‚
835 1910 995 1958 propter
1011 1903 1251 1957 passionem.

83 1964 161 2008 Seu
191 1973 248 2008 est
267 1969 362 2008 ratio
381 1973 418 2008 et
437 1981 503 2008 cur
520 1982 651 2022 passus
677 1971 725 2010 sit
751 1975 789 2010 et
809 1983 873 2010 cur
890 1974 975 2022 post
994 1970 1211 2023 passionem
1226 1981 1342 2010 evec-

28 2036 90 2070 tus
110 2032 158 2071 sit
179 2030 227 2083 ad
250 2030 431 2084 gloriam3
457 2035 562 2087 quasi
582 2033 726 2089 diceret
747 2050 757 2074 ε

84 2091 148 2136 Ex
169 2095 345 2150 singulari
363 2105 401 2139 et
421 2096 580 2152 gratuita
602 2095 680 2140 Dei
706 2101 745 2139 in
764 2113 834 2140 nos
853 2099 1045 2149 bonitate,
1065 2103 1102 2139 et
1119 2104 1159 2139 ut
1174 2111 1286 2139 suum
1304 2099 1345 2138 in

23 2177 102 2204 nos
118 2177 291 2206 amorem
310 2164 513 2207 exhiberet
526 2197 539 2217 ‚
563 2180 632 2220 pro
660 2169 838 2208 omnibus
857 2181 987 2221 passus
1008 2173 1047 2208 et
1068 2172 1341 2214 mortuus„est;

30 2235 68 2269 et
86 2231 172 2283 quia
190 2245 239 2272 ex
257 2229 438 2272 charitate
455 2246 584 2286 passus
603 2239 686 2286 est,
712 2234 793 2285 jure
811 2234 948 2274 merito
964 2232 1192 2286 glorificatus
1215 2239 1289 2273 est.

84 2294 180 2354 Syr.
199 2313 289 2341 nam
317 2296 426 2341 Deus
452 2301 538 2355 ipse
560 2315 628 2355 per
652 2305 808 2355 gratiam
835 2315 942 2343 suam
959 2315 1028 2355 pro
1049 2301 1228 2343 omnibus
1245 2315 1341 2354 gus-

30 2364 122 2404 tavit
142 2372 321 2406 mortem.

81 2423 355 2471 Theodoretus
371 2437 410 2473 et
430 2430 512 2485 alii,
532 2430 619 2474 loco
633 2426 783 2485 χάριτι
802 2426 905 2476 Θεοῦ,
925 2429 1041 2486 gratis
1063 2427 1157 2484 Dei,
1174 2430 1346 2484 legerunt
