<?xml version="1.0" encoding="UTF-8"?>
<!DOCTYPE html PUBLIC "-//W3C//DTD XHTML 1.0 Transitional//EN"
    "http://www.w3.org/TR/xhtml1/DTD/xhtml1-transitional.dtd">
<html xmlns="http://www.w3.org/1999/xhtml" xml:lang="en" lang="en">
 <head>
  <title>
</title>
<meta http-equiv="Content-Type" content="text/html;charset=utf-8" />
  <meta name='ocr-system' content='tesseract 3.04.00' />
  <meta name='ocr-capabilities' content='ocr_page ocr_carea ocr_par ocr_line ocrx_word'/>
</head>
<body>
  <div class='ocr_page' id='page_1' title='image "./epistolaumbpauli06picq_0482.png"; bbox 0 0 1474 2658; ppageno 0'>
   <div class='ocr_carea' id='block_1_1' title="bbox 129 51 1145 106">
    <p class='ocr_par' dir='ltr' id='par_1_1' title="bbox 129 51 1145 106">
     <span class='ocr_line' id='line_1_1' title="bbox 129 51 1145 106; baseline 0.007 -11"><span class='ocrx_word' id='word_1_1' title='bbox 129 51 215 106; x_wconf 76' lang='grc'><strong>466</strong></span> <span class='ocrx_word' id='word_1_2' title='bbox 428 65 564 96; x_wconf 66' lang='lat' dir='ltr'><strong>mnux</strong></span> <span class='ocrx_word' id='word_1_3' title='bbox 595 67 756 98; x_wconf 69' lang='lat' dir='ltr'><strong>uenum</strong></span> <span class='ocrx_word' id='word_1_4' title='bbox 786 69 844 99; x_wconf 76' lang='lat' dir='ltr'><strong>m-</strong></span> <span class='ocrx_word' id='word_1_5' title='bbox 874 62 1145 102; x_wconf 60' lang='lat' dir='ltr'><strong>vaanenu.</strong></span> 
     </span>
    </p>
   </div>
   <div class='ocr_carea' id='block_1_2' title="bbox 127 124 1447 634">
    <p class='ocr_par' dir='ltr' id='par_1_2' title="bbox 130 124 1048 167">
     <span class='ocr_line' id='line_1_2' title="bbox 130 124 1048 167; baseline 0.004 -5"><span class='ocrx_word' id='word_1_6' title='bbox 130 125 226 162; x_wconf 78' lang='lat' dir='ltr'><strong>Hinc</strong></span> <span class='ocrx_word' id='word_1_7' title='bbox 243 125 333 163; x_wconf 79' lang='lat' dir='ltr'><strong>totis</strong></span> <span class='ocrx_word' id='word_1_8' title='bbox 351 124 497 162; x_wconf 81' lang='lat' dir='ltr'><strong>viribus</strong></span> <span class='ocrx_word' id='word_1_9' title='bbox 514 126 550 162; x_wconf 91' lang='lat' dir='ltr'><strong>ei</strong></span> <span class='ocrx_word' id='word_1_10' title='bbox 567 125 832 165; x_wconf 69' lang='lat' dir='ltr'><strong>resistendum.</strong></span> <span class='ocrx_word' id='word_1_11' title='bbox 854 127 918 167; x_wconf 85' lang='lat' dir='ltr'><strong>VI</strong></span> <span class='ocrx_word' id='word_1_12' title='bbox 923 156 932 164; x_wconf 88' lang='lat'><strong>.</strong></span> <span class='ocrx_word' id='word_1_13' title='bbox 960 131 1048 166; x_wconf 80' lang='grc'>287.</span> 
     </span>
    </p>

    <p class='ocr_par' dir='ltr' id='par_1_3' title="bbox 127 181 1231 230">
     <span class='ocr_line' id='line_1_3' title="bbox 127 181 1231 230; baseline 0.006 -13"><span class='ocrx_word' id='word_1_14' title='bbox 127 182 228 229; x_wconf 83' lang='lat' dir='ltr'><strong>Quid</strong></span> <span class='ocrx_word' id='word_1_15' title='bbox 245 193 382 229; x_wconf 79' lang='lat' dir='ltr'><strong>corpus</strong></span> <span class='ocrx_word' id='word_1_16' title='bbox 406 182 552 229; x_wconf 86' lang='lat' dir='ltr'><strong>peccati</strong></span> <span class='ocrx_word' id='word_1_17' title='bbox 565 181 582 218; x_wconf 82' lang='lat'>?</span> <span class='ocrx_word' id='word_1_18' title='bbox 597 183 691 230; x_wconf 86' lang='lat' dir='ltr'><strong>quid</strong></span> <span class='ocrx_word' id='word_1_19' title='bbox 709 184 872 220; x_wconf 79' lang='lat' dir='ltr'><strong>membra</strong></span> <span class='ocrx_word' id='word_1_20' title='bbox 887 183 904 219; x_wconf 87' lang='lat'>?</span> <span class='ocrx_word' id='word_1_21' title='bbox 919 183 993 223; x_wconf 85' lang='lat' dir='ltr'><strong>IV.</strong></span> <span class='ocrx_word' id='word_1_22' title='bbox 1017 189 1102 222; x_wconf 82' lang='grc'>365.</span> <span class='ocrx_word' id='word_1_23' title='bbox 1124 189 1231 224; x_wconf 54' lang='grc' dir='ltr'><strong>888ω</strong></span> 
     </span>
    </p>

    <p class='ocr_par' dir='ltr' id='par_1_4' title="bbox 128 240 1446 343">
     <span class='ocr_line' id='line_1_4' title="bbox 128 240 1446 290; baseline 0.005 -15"><span class='ocrx_word' id='word_1_24' title='bbox 128 240 217 277; x_wconf 62' lang='lat' dir='ltr'><strong>Mira</strong></span> <span class='ocrx_word' id='word_1_25' title='bbox 250 240 435 276; x_wconf 70' lang='lat' dir='ltr'><strong>industria</strong></span> <span class='ocrx_word' id='word_1_26' title='bbox 463 241 636 277; x_wconf 80' lang='lat' dir='ltr'><strong>hortatur</strong></span> <span class='ocrx_word' id='word_1_27' title='bbox 662 242 871 289; x_wconf 86' lang='lat' dir='ltr'><strong>baptizatos</strong></span> <span class='ocrx_word' id='word_1_28' title='bbox 898 243 1097 290; x_wconf 74' lang='lat' dir='ltr'><strong>Apostolus</strong></span> <span class='ocrx_word' id='word_1_29' title='bbox 1127 244 1446 285; x_wconf 65' lang='lat' dir='ltr'><strong>aet-serviendum</strong></span> 
     </span>
     <span class='ocr_line' id='line_1_5' title="bbox 179 296 910 348; baseline 0.004 -17"><span class='ocrx_word' id='word_1_30' title='bbox 179 296 282 348; x_wconf 51' lang='lat' dir='ltr'><strong>Deo!</strong></span> <span class='ocrx_word' id='word_1_31' title='bbox 303 300 462 343; x_wconf 85' lang='lat' dir='ltr'><strong>peccato</strong></span> <span class='ocrx_word' id='word_1_32' title='bbox 482 296 748 334; x_wconf 83' lang='lat' dir='ltr'><strong>resistendum.</strong></span> <span class='ocrx_word' id='word_1_33' title='bbox 768 297 801 335; x_wconf 89' lang='grc' dir='ltr'><strong>Ι.</strong></span> <span class='ocrx_word' id='word_1_34' title='bbox 830 303 910 335; x_wconf 82' lang='grc'>147.</span> 
     </span>
    </p>

    <p class='ocr_par' dir='ltr' id='par_1_5' title="bbox 128 354 1447 463">
     <span class='ocr_line' id='line_1_6' title="bbox 128 354 1447 404; baseline 0.005 -14"><span class='ocrx_word' id='word_1_35' title='bbox 128 354 223 390; x_wconf 80' lang='lat' dir='ltr'><strong>Duae</strong></span> <span class='ocrx_word' id='word_1_36' title='bbox 239 358 481 402; x_wconf 81' lang='lat' dir='ltr'><strong>peccatorum</strong></span> <span class='ocrx_word' id='word_1_37' title='bbox 499 366 620 392; x_wconf 83' lang='lat' dir='ltr'><strong>causae</strong></span> <span class='ocrx_word' id='word_1_38' title='bbox 639 359 824 402; x_wconf 68' lang='lat' dir='ltr'><strong>externae,</strong></span> <span class='ocrx_word' id='word_1_39' title='bbox 842 356 974 392; x_wconf 86' lang='lat' dir='ltr'><strong>mundi</strong></span> <span class='ocrx_word' id='word_1_40' title='bbox 987 356 1154 404; x_wconf 78' lang='lat' dir='ltr'><strong>vanitas,</strong></span> <span class='ocrx_word' id='word_1_41' title='bbox 1175 356 1318 404; x_wconf 73' lang='lat' dir='ltr'><strong>diaboli</strong></span> <span class='ocrx_word' id='word_1_42' title='bbox 1336 358 1447 402; x_wconf 69' lang='lat' dir='ltr'><strong>insti-</strong></span> 
     </span>
     <span class='ocr_line' id='line_1_7' title="bbox 186 414 484 463; baseline 0.004 -12"><span class='ocrx_word' id='word_1_43' title='bbox 186 415 303 463; x_wconf 85' lang='lat' dir='ltr'><strong>gatio.</strong></span> <span class='ocrx_word' id='word_1_44' title='bbox 323 414 396 454; x_wconf 85' lang='lat' dir='ltr'><strong>IV.</strong></span> <span class='ocrx_word' id='word_1_45' title='bbox 423 418 484 452; x_wconf 81' lang='lat'><strong>⁴8.</strong></span> 
     </span>
    </p>

    <p class='ocr_par' dir='ltr' id='par_1_6' title="bbox 128 472 1054 522">
     <span class='ocr_line' id='line_1_8' title="bbox 128 472 1054 522; baseline 0.002 -14"><span class='ocrx_word' id='word_1_46' title='bbox 128 472 289 509; x_wconf 75' lang='lat' dir='ltr'><strong>Peccata</strong></span> <span class='ocrx_word' id='word_1_47' title='bbox 307 473 486 509; x_wconf 84' lang='lat' dir='ltr'><strong>&#39;dicuntur</strong></span> <span class='ocrx_word' id='word_1_48' title='bbox 505 472 744 508; x_wconf 81' lang='lat' dir='ltr'><strong>tenebrmum</strong></span> <span class='ocrx_word' id='word_1_49' title='bbox 765 484 893 522; x_wconf 87' lang='lat' dir='ltr'><strong>opera.</strong></span> <span class='ocrx_word' id='word_1_50' title='bbox 911 472 945 509; x_wconf 92' lang='lat' dir='ltr'><strong>I.</strong></span> <span class='ocrx_word' id='word_1_51' title='bbox 969 476 1054 510; x_wconf 78' lang='grc'>346.</span> 
     </span>
    </p>

    <p class='ocr_par' dir='ltr' id='par_1_7' title="bbox 128 529 1196 580">
     <span class='ocr_line' id='line_1_9' title="bbox 128 529 1196 580; baseline 0.001 -13"><span class='ocrx_word' id='word_1_52' title='bbox 128 531 211 567; x_wconf 76' lang='lat' dir='ltr'><strong>&#39;nia</strong></span> <span class='ocrx_word' id='word_1_53' title='bbox 233 529 423 578; x_wconf 84' lang='lat' dir='ltr'><strong>praecipue</strong></span> <span class='ocrx_word' id='word_1_54' title='bbox 442 529 618 577; x_wconf 72' lang='lat' dir='ltr'><strong>fugienda</strong></span> <span class='ocrx_word' id='word_1_55' title='bbox 638 530 892 566; x_wconf 72' lang='lat' dir='ltr'><strong>tenebnarum·</strong></span> <span class='ocrx_word' id='word_1_56' title='bbox 898 541 1027 580; x_wconf 87' lang='lat' dir='ltr'><strong>opera</strong></span> <span class='ocrx_word' id='word_1_57' title='bbox 1047 530 1083 569; x_wconf 92' lang='grc' dir='ltr'><strong>Ι.</strong></span> <span class='ocrx_word' id='word_1_58' title='bbox 1109 534 1196 570; x_wconf 75' lang='lat'><strong>3⁴7.</strong></span> 
     </span>
    </p>

    <p class='ocr_par' dir='ltr' id='par_1_8' title="bbox 127 587 898 634">
     <span class='ocr_line' id='line_1_10' title="bbox 127 587 898 634; baseline -0.003 -8"><span class='ocrx_word' id='word_1_59' title='bbox 127 589 344 627; x_wconf 73' lang='lat' dir='ltr'>Exhortatio</span> <span class='ocrx_word' id='word_1_60' title='bbox 362 589 410 624; x_wconf 86' lang='lat' dir='ltr'><strong>ad</strong></span> <span class='ocrx_word' id='word_1_61' title='bbox 428 587 554 634; x_wconf 78' lang='lat' dir='ltr'><strong>fugam</strong></span> <span class='ocrx_word' id='word_1_62' title='bbox 574 588 675 623; x_wconf 87' lang='lat' dir='ltr'><strong>mali.</strong></span> <span class='ocrx_word' id='word_1_63' title='bbox 696 587 729 624; x_wconf 94' lang='grc' dir='ltr'><strong>Ι.</strong></span> <span class='ocrx_word' id='word_1_64' title='bbox 755 590 839 624; x_wconf 74' lang='lat'><strong>349.</strong></span> <span class='ocrx_word' id='word_1_65' title='bbox 896 614 898 616; x_wconf 31' lang='lat' dir='ltr'>v</span> 
     </span>
    </p>
   </div>
   <div class='ocr_carea' id='block_1_3' title="bbox 124 648 1450 1718">
    <p class='ocr_par' dir='ltr' id='par_1_9' title="bbox 126 648 1319 697">
     <span class='ocr_line' id='line_1_11' title="bbox 126 648 1319 697; baseline 0.001 -10"><span class='ocrx_word' id='word_1_66' title='bbox 126 653 322 687; x_wconf 83' lang='lat' dir='ltr'><strong>Peccatum</strong></span> <span class='ocrx_word' id='word_1_67' title='bbox 342 653 399 686; x_wconf 85' lang='lat' dir='ltr'><strong>est</strong></span> <span class='ocrx_word' id='word_1_68' title='bbox 417 648 546 697; x_wconf 85' lang='lat' dir='ltr'><strong>mortis</strong></span> <span class='ocrx_word' id='word_1_69' title='bbox 564 648 738 685; x_wconf 89' lang='lat' dir='ltr'><strong>stimulus</strong></span> <span class='ocrx_word' id='word_1_70' title='bbox 750 675 761 695; x_wconf 91' lang='lat'>‚</span> <span class='ocrx_word' id='word_1_71' title='bbox 779 648 867 684; x_wconf 85' lang='lat' dir='ltr'><strong>ideo</strong></span> <span class='ocrx_word' id='word_1_72' title='bbox 886 648 951 685; x_wconf 71' lang='lat' dir='ltr'><strong>ina</strong></span> <span class='ocrx_word' id='word_1_73' title='bbox 967 649 1132 697; x_wconf 79' lang='lat' dir='ltr'><strong>gravius.</strong></span> <span class='ocrx_word' id='word_1_74' title='bbox 1152 649 1210 689; x_wconf 89' lang='lat'><strong>11.</strong></span> <span class='ocrx_word' id='word_1_75' title='bbox 1233 654 1319 690; x_wconf 67' lang='lat'><strong>427.</strong></span> 
     </span>
    </p>

    <p class='ocr_par' dir='ltr' id='par_1_10' title="bbox 126 707 1035 756">
     <span class='ocr_line' id='line_1_12' title="bbox 126 707 1035 756; baseline 0.001 -10"><span class='ocrx_word' id='word_1_76' title='bbox 126 713 323 746; x_wconf 77' lang='lat' dir='ltr'><strong>Peccatum</strong></span> <span class='ocrx_word' id='word_1_77' title='bbox 342 713 378 745; x_wconf 90' lang='lat' dir='ltr'><strong>et</strong></span> <span class='ocrx_word' id='word_1_78' title='bbox 394 707 541 755; x_wconf 82' lang='lat' dir='ltr'><strong>justitia</strong></span> <span class='ocrx_word' id='word_1_79' title='bbox 563 711 779 756; x_wconf 78' lang='lat' dir='ltr'><strong>repugnant</strong></span> <span class='ocrx_word' id='word_1_80' title='bbox 799 707 819 744; x_wconf 76' lang='lat' dir='ltr'><strong>e</strong></span> <span class='ocrx_word' id='word_1_81' title='bbox 837 707 1035 747; x_wconf 81' lang='lat' dir='ltr'><strong>diametro.</strong></span> 
     </span>
    </p>

    <p class='ocr_par' dir='ltr' id='par_1_11' title="bbox 126 765 552 814">
     <span class='ocr_line' id='line_1_13' title="bbox 126 765 552 814; baseline -0.007 -12"><span class='ocrx_word' id='word_1_82' title='bbox 126 765 312 802; x_wconf 85' lang='lat' dir='ltr'><strong>Alterutri</strong></span> <span class='ocrx_word' id='word_1_83' title='bbox 329 766 552 814; x_wconf 87' lang='lat' dir='ltr'><strong>parendum.</strong></span> 
     </span>
    </p>

    <p class='ocr_par' dir='ltr' id='par_1_12' title="bbox 127 815 1052 871">
     <span class='ocr_line' id='line_1_14' title="bbox 127 815 1052 871; baseline 0 -10"><span class='ocrx_word' id='word_1_84' title='bbox 127 828 175 861; x_wconf 90' lang='lat' dir='ltr'><strong>Ut</strong></span> <span class='ocrx_word' id='word_1_85' title='bbox 188 824 327 861; x_wconf 64' lang='lat' dir='ltr'><strong>melias</strong></span> <span class='ocrx_word' id='word_1_86' title='bbox 344 824 461 871; x_wconf 81' lang='lat' dir='ltr'><strong>eligas</strong></span> <span class='ocrx_word' id='word_1_87' title='bbox 475 853 484 868; x_wconf 91' lang='lat'>‚</span> <span class='ocrx_word' id='word_1_88' title='bbox 511 823 648 859; x_wconf 77' lang='lat' dir='ltr'><strong>exitum</strong></span> <span class='ocrx_word' id='word_1_89' title='bbox 667 822 866 870; x_wconf 87' lang='lat' dir='ltr'><strong>utriusque</strong></span> <span class='ocrx_word' id='word_1_90' title='bbox 881 815 1052 861; x_wconf 72' lang='lat' dir='ltr'><strong>intuere.</strong></span> 
     </span>
    </p>

    <p class='ocr_par' dir='ltr' id='par_1_13' title="bbox 126 880 1176 925">
     <span class='ocr_line' id='line_1_15' title="bbox 126 880 1176 925; baseline -0.001 -6"><span class='ocrx_word' id='word_1_91' title='bbox 126 883 222 920; x_wconf 81' lang='lat' dir='ltr'><strong>Hinc</strong></span> <span class='ocrx_word' id='word_1_92' title='bbox 242 894 340 918; x_wconf 88' lang='lat' dir='ltr'><strong>mors</strong></span> <span class='ocrx_word' id='word_1_93' title='bbox 358 886 522 925; x_wconf 83' lang='lat' dir='ltr'><strong>aeterna3</strong></span> <span class='ocrx_word' id='word_1_94' title='bbox 543 882 633 917; x_wconf 85' lang='lat' dir='ltr'><strong>hinc</strong></span> <span class='ocrx_word' id='word_1_95' title='bbox 659 881 734 917; x_wconf 80' lang='lat' dir='ltr'><strong>vita</strong></span> <span class='ocrx_word' id='word_1_96' title='bbox 754 885 906 918; x_wconf 71' lang='lat' dir='ltr'><strong>aeterna.</strong></span> <span class='ocrx_word' id='word_1_97' title='bbox 927 880 961 919; x_wconf 92' lang='lat' dir='ltr'><strong>I.</strong></span> <span class='ocrx_word' id='word_1_98' title='bbox 985 885 1067 918; x_wconf 78' lang='lat'><strong>142.</strong></span> <span class='ocrx_word' id='word_1_99' title='bbox 1092 884 1176 919; x_wconf 77' lang='lat'><strong>1⁴3.</strong></span> 
     </span>
    </p>

    <p class='ocr_par' dir='ltr' id='par_1_14' title="bbox 128 935 1420 985">
     <span class='ocr_line' id='line_1_16' title="bbox 128 935 1420 985; baseline -0.002 -10"><span class='ocrx_word' id='word_1_100' title='bbox 128 938 212 974; x_wconf 85' lang='lat' dir='ltr'><strong>Tria</strong></span> <span class='ocrx_word' id='word_1_101' title='bbox 235 939 273 974; x_wconf 88' lang='lat' dir='ltr'><strong>in</strong></span> <span class='ocrx_word' id='word_1_102' title='bbox 296 941 453 985; x_wconf 84' lang='lat' dir='ltr'><strong>peccato</strong></span> <span class='ocrx_word' id='word_1_103' title='bbox 475 952 483 972; x_wconf 89' lang='grc'>;</span> <span class='ocrx_word' id='word_1_104' title='bbox 507 936 686 982; x_wconf 83' lang='lat' dir='ltr'><strong>iniquitas</strong></span> <span class='ocrx_word' id='word_1_105' title='bbox 701 962 711 979; x_wconf 90' lang='lat'>‚</span> <span class='ocrx_word' id='word_1_106' title='bbox 733 935 873 971; x_wconf 84' lang='lat' dir='ltr'><strong>offensa</strong></span> <span class='ocrx_word' id='word_1_107' title='bbox 894 936 985 979; x_wconf 87' lang='lat' dir='ltr'><strong>Dei,</strong></span> <span class='ocrx_word' id='word_1_108' title='bbox 1006 940 1131 972; x_wconf 86' lang='lat' dir='ltr'><strong>reatus</strong></span> <span class='ocrx_word' id='word_1_109' title='bbox 1146 947 1282 983; x_wconf 81' lang='lat' dir='ltr'><strong>poenae.</strong></span> <span class='ocrx_word' id='word_1_110' title='bbox 1299 936 1336 973; x_wconf 92' lang='grc' dir='ltr'><strong>Ι.</strong></span> <span class='ocrx_word' id='word_1_111' title='bbox 1358 939 1420 973; x_wconf 84' lang='grc'><strong>92.</strong></span> 
     </span>
    </p>

    <p class='ocr_par' dir='ltr' id='par_1_15' title="bbox 126 990 1294 1043">
     <span class='ocr_line' id='line_1_17' title="bbox 126 990 1294 1043; baseline -0.003 -11"><span class='ocrx_word' id='word_1_112' title='bbox 126 996 210 1032; x_wconf 87' lang='lat' dir='ltr'><strong>Tria</strong></span> <span class='ocrx_word' id='word_1_113' title='bbox 227 995 400 1043; x_wconf 87' lang='lat' dir='ltr'><strong>opposita</strong></span> <span class='ocrx_word' id='word_1_114' title='bbox 419 994 457 1029; x_wconf 92' lang='lat' dir='ltr'><strong>in</strong></span> <span class='ocrx_word' id='word_1_115' title='bbox 478 991 762 1039; x_wconf 80' lang='lat' dir='ltr'><strong>justificatione.</strong></span> <span class='ocrx_word' id='word_1_116' title='bbox 789 995 817 1028; x_wconf 87' lang='lat'><strong>1.</strong></span> <span class='ocrx_word' id='word_1_117' title='bbox 841 996 902 1028; x_wconf 83' lang='lat'><strong>93.</strong></span> <span class='ocrx_word' id='word_1_118' title='bbox 928 991 1022 1028; x_wconf 87' lang='lat' dir='ltr'>Vide</span> <span class='ocrx_word' id='word_1_119' title='bbox 1040 990 1294 1040; x_wconf 80' lang='lat' dir='ltr'><strong>Justificatio.</strong></span> 
     </span>
    </p>

    <p class='ocr_par' dir='ltr' id='par_1_16' title="bbox 126 1047 1448 1147">
     <span class='ocr_line' id='line_1_18' title="bbox 126 1047 1448 1100; baseline -0.002 -10"><span class='ocrx_word' id='word_1_120' title='bbox 126 1052 333 1090; x_wconf 79' lang='lat' dir='ltr'><strong>Christiani</strong></span> <span class='ocrx_word' id='word_1_121' title='bbox 351 1054 548 1100; x_wconf 83' lang='lat' dir='ltr'><strong>peccatum</strong></span> <span class='ocrx_word' id='word_1_122' title='bbox 567 1049 678 1096; x_wconf 66' lang='lat' dir='ltr'><strong>quam</strong></span> <span class='ocrx_word' id='word_1_123' title='bbox 697 1047 871 1085; x_wconf 83' lang='lat' dir='ltr'><strong>enorme!</strong></span> <span class='ocrx_word' id='word_1_124' title='bbox 892 1048 996 1085; x_wconf 77' lang='lat' dir='ltr'><strong>iuius</strong></span> <span class='ocrx_word' id='word_1_125' title='bbox 1018 1049 1282 1087; x_wconf 61' lang='lat' dir='ltr'><strong>enormitatem</strong></span> <span class='ocrx_word' id='word_1_126' title='bbox 1298 1058 1448 1097; x_wconf 70' lang='lat' dir='ltr'><strong>nugen-</strong></span> 
     </span>
     <span class='ocr_line' id='line_1_19' title="bbox 177 1109 519 1147; baseline -0.009 0"><span class='ocrx_word' id='word_1_127' title='bbox 177 1111 245 1147; x_wconf 79' lang='lat' dir='ltr'><strong>tia.</strong></span> <span class='ocrx_word' id='word_1_128' title='bbox 265 1109 341 1147; x_wconf 81' lang='lat' dir='ltr'><strong>VJ.</strong></span> <span class='ocrx_word' id='word_1_129' title='bbox 369 1113 431 1145; x_wconf 77' lang='lat'><strong>28.</strong></span> <span class='ocrx_word' id='word_1_130' title='bbox 458 1113 519 1146; x_wconf 77' lang='lat'><strong>39.</strong></span> 
     </span>
    </p>

    <p class='ocr_par' dir='ltr' id='par_1_17' title="bbox 125 1161 1144 1212">
     <span class='ocr_line' id='line_1_20' title="bbox 125 1161 1144 1212; baseline -0.004 -8"><span class='ocrx_word' id='word_1_131' title='bbox 125 1168 288 1204; x_wconf 74' lang='lat' dir='ltr'><strong>Felicem</strong></span> <span class='ocrx_word' id='word_1_132' title='bbox 305 1165 471 1203; x_wconf 87' lang='lat' dir='ltr'><strong>hominis</strong></span> <span class='ocrx_word' id='word_1_133' title='bbox 487 1162 685 1212; x_wconf 80' lang='lat' dir='ltr'><strong>justificati</strong></span> <span class='ocrx_word' id='word_1_134' title='bbox 704 1167 839 1200; x_wconf 90' lang='lat' dir='ltr'><strong>statum</strong></span> <span class='ocrx_word' id='word_1_135' title='bbox 859 1162 960 1202; x_wconf 84' lang='lat' dir='ltr'><strong>vide.</strong></span> <span class='ocrx_word' id='word_1_136' title='bbox 980 1161 1056 1202; x_wconf 81' lang='lat' dir='ltr'><strong>IV.</strong></span> <span class='ocrx_word' id='word_1_137' title='bbox 1081 1166 1144 1200; x_wconf 88' lang='grc'><strong>65.</strong></span> 
     </span>
    </p>

    <p class='ocr_par' dir='ltr' id='par_1_18' title="bbox 126 1220 1249 1263">
     <span class='ocr_line' id='line_1_21' title="bbox 126 1220 1249 1263; baseline -0.004 0"><span class='ocrx_word' id='word_1_138' title='bbox 126 1226 326 1263; x_wconf 78' lang='lat' dir='ltr'><strong>Infelicem</strong></span> <span class='ocrx_word' id='word_1_139' title='bbox 343 1224 550 1261; x_wconf 81' lang='lat' dir='ltr'><strong>Christiani</strong></span> <span class='ocrx_word' id='word_1_140' title='bbox 569 1223 734 1259; x_wconf 85' lang='lat' dir='ltr'><strong>damnati</strong></span> <span class='ocrx_word' id='word_1_141' title='bbox 753 1226 891 1259; x_wconf 80' lang='lat' dir='ltr'><strong>statum</strong></span> <span class='ocrx_word' id='word_1_142' title='bbox 908 1222 1010 1259; x_wconf 86' lang='lat' dir='ltr'><strong>vide.</strong></span> <span class='ocrx_word' id='word_1_143' title='bbox 1029 1220 1105 1261; x_wconf 88' lang='lat' dir='ltr'><strong>lV.</strong></span> <span class='ocrx_word' id='word_1_144' title='bbox 1133 1226 1194 1259; x_wconf 81' lang='lat'><strong>58.</strong></span> <span class='ocrx_word' id='word_1_145' title='bbox 1246 1246 1249 1247; x_wconf 31' lang='grc' dir='ltr'><em>ν</em></span> 
     </span>
    </p>

    <p class='ocr_par' dir='ltr' id='par_1_19' title="bbox 127 1278 1442 1329">
     <span class='ocr_line' id='line_1_22' title="bbox 127 1278 1442 1329; baseline -0.005 -8"><span class='ocrx_word' id='word_1_146' title='bbox 127 1284 244 1321; x_wconf 85' lang='lat' dir='ltr'><strong>Unius</strong></span> <span class='ocrx_word' id='word_1_147' title='bbox 258 1283 402 1319; x_wconf 78' lang='lat' dir='ltr'><strong>crimen</strong></span> <span class='ocrx_word' id='word_1_148' title='bbox 414 1310 425 1329; x_wconf 90' lang='lat'>‚</span> <span class='ocrx_word' id='word_1_149' title='bbox 441 1282 488 1318; x_wconf 86' lang='lat' dir='ltr'><strong>ab</strong></span> <span class='ocrx_word' id='word_1_150' title='bbox 503 1281 588 1317; x_wconf 89' lang='lat' dir='ltr'><strong>aliis</strong></span> <span class='ocrx_word' id='word_1_151' title='bbox 603 1281 801 1317; x_wconf 87' lang='lat' dir='ltr'><strong>toleratum</strong></span> <span class='ocrx_word' id='word_1_152' title='bbox 816 1307 826 1325; x_wconf 90' lang='lat'>,</span> <span class='ocrx_word' id='word_1_153' title='bbox 842 1284 899 1316; x_wconf 88' lang='lat' dir='ltr'><strong>est</strong></span> <span class='ocrx_word' id='word_1_154' title='bbox 913 1279 1084 1320; x_wconf 85' lang='lat' dir='ltr'><strong>omnium</strong></span> <span class='ocrx_word' id='word_1_155' title='bbox 1097 1278 1365 1317; x_wconf 65' lang='lat' dir='ltr'><strong>confusio-67.</strong></span> <span class='ocrx_word' id='word_1_156' title='bbox 1380 1283 1442 1316; x_wconf 74' lang='lat'><strong>58.</strong></span> 
     </span>
    </p>

    <p class='ocr_par' dir='ltr' id='par_1_20' title="bbox 126 1338 1450 1500">
     <span class='ocr_line' id='line_1_23' title="bbox 126 1338 1447 1388; baseline -0.003 -9"><span class='ocrx_word' id='word_1_157' title='bbox 126 1343 299 1379; x_wconf 77' lang='lat' dir='ltr'><strong>Publicus</strong></span> <span class='ocrx_word' id='word_1_158' title='bbox 319 1340 487 1378; x_wconf 84' lang='lat' dir='ltr'><strong>omnium</strong></span> <span class='ocrx_word' id='word_1_159' title='bbox 506 1342 690 1388; x_wconf 77' lang='lat' dir='ltr'><strong>lacrymas</strong></span> <span class='ocrx_word' id='word_1_160' title='bbox 708 1339 849 1386; x_wconf 73' lang='lat' dir='ltr'><strong>exigit,</strong></span> <span class='ocrx_word' id='word_1_161' title='bbox 869 1339 958 1387; x_wconf 82' lang='lat' dir='ltr'><strong>quia</strong></span> <span class='ocrx_word' id='word_1_162' title='bbox 974 1339 1092 1387; x_wconf 81' lang='lat' dir='ltr'><strong>pestis</strong></span> <span class='ocrx_word' id='word_1_163' title='bbox 1108 1338 1264 1386; x_wconf 73' lang='lat' dir='ltr'><strong>pubfica</strong></span> <span class='ocrx_word' id='word_1_164' title='bbox 1276 1365 1287 1383; x_wconf 94' lang='lat'>,</span> <span class='ocrx_word' id='word_1_165' title='bbox 1304 1348 1447 1387; x_wconf 73' lang='lat' dir='ltr'><strong>pecca-</strong></span> 
     </span>
     <span class='ocr_line' id='line_1_24' title="bbox 177 1389 1450 1445; baseline -0.003 -10"><span class='ocrx_word' id='word_1_166' title='bbox 177 1402 257 1436; x_wconf 79' lang='lat' dir='ltr'><strong>tum</strong></span> <span class='ocrx_word' id='word_1_167' title='bbox 279 1398 474 1445; x_wconf 83' lang='lat' dir='ltr'><strong>cognitum</strong></span> <span class='ocrx_word' id='word_1_168' title='bbox 491 1401 527 1434; x_wconf 89' lang='lat' dir='ltr'><strong>et</strong></span> <span class='ocrx_word' id='word_1_169' title='bbox 546 1399 747 1434; x_wconf 87' lang='lat' dir='ltr'><strong>toleratum</strong></span> <span class='ocrx_word' id='word_1_170' title='bbox 767 1408 880 1432; x_wconf 83' lang='lat' dir='ltr'><strong>unam</strong></span> <span class='ocrx_word' id='word_1_171' title='bbox 895 1400 1012 1433; x_wconf 81' lang='lat' dir='ltr'><strong>totam</strong></span> <span class='ocrx_word' id='word_1_172' title='bbox 1026 1395 1230 1433; x_wconf 76' lang='lat' dir='ltr'><strong>Ecclesiam</strong></span> <span class='ocrx_word' id='word_1_173' title='bbox 1245 1389 1371 1444; x_wconf 66' lang='lat' dir='ltr'><strong>‘potest</strong></span> <span class='ocrx_word' id='word_1_174' title='bbox 1383 1395 1450 1432; x_wconf 85' lang='lat' dir='ltr'><strong>in-</strong></span> 
     </span>
     <span class='ocr_line' id='line_1_25' title="bbox 176 1452 945 1500; baseline -0.001 -11"><span class='ocrx_word' id='word_1_175' title='bbox 176 1453 303 1489; x_wconf 83' lang='lat' dir='ltr'><strong>ficere.</strong></span> <span class='ocrx_word' id='word_1_176' title='bbox 325 1452 473 1498; x_wconf 83' lang='lat' dir='ltr'><strong>Quare?</strong></span> <span class='ocrx_word' id='word_1_177' title='bbox 491 1457 530 1489; x_wconf 85' lang='lat' dir='ltr'><strong>et</strong></span> <span class='ocrx_word' id='word_1_178' title='bbox 547 1452 762 1500; x_wconf 78' lang='lat' dir='ltr'><strong>quomodo?</strong></span> <span class='ocrx_word' id='word_1_179' title='bbox 781 1452 836 1488; x_wconf 89' lang='lat' dir='ltr'><strong>II.</strong></span> <span class='ocrx_word' id='word_1_180' title='bbox 862 1456 945 1488; x_wconf 86' lang='grc'>113.</span> 
     </span>
    </p>

    <p class='ocr_par' dir='ltr' id='par_1_21' title="bbox 126 1506 1207 1558">
     <span class='ocr_line' id='line_1_26' title="bbox 126 1506 1207 1558; baseline -0.002 -12"><span class='ocrx_word' id='word_1_181' title='bbox 126 1514 189 1546; x_wconf 85' lang='lat' dir='ltr'><strong>Est</strong></span> <span class='ocrx_word' id='word_1_182' title='bbox 206 1510 313 1558; x_wconf 83' lang='lat' dir='ltr'><strong>quasi</strong></span> <span class='ocrx_word' id='word_1_183' title='bbox 339 1510 564 1546; x_wconf 83' lang='lat' dir='ltr'><strong>fermentum</strong></span> <span class='ocrx_word' id='word_1_184' title='bbox 586 1513 700 1545; x_wconf 82' lang='lat' dir='ltr'><strong>totam</strong></span> <span class='ocrx_word' id='word_1_185' title='bbox 723 1520 879 1544; x_wconf 81' lang='lat' dir='ltr'><strong>massam</strong></span> <span class='ocrx_word' id='word_1_186' title='bbox 897 1506 1086 1544; x_wconf 83' lang='lat' dir='ltr'><strong>inficiens.</strong></span> <span class='ocrx_word' id='word_1_187' title='bbox 1107 1507 1207 1545; x_wconf 83' lang='lat' dir='ltr'><strong>Ibid</strong></span> 
     </span>
    </p>

    <p class='ocr_par' dir='ltr' id='par_1_22' title="bbox 127 1563 1182 1614">
     <span class='ocr_line' id='line_1_27' title="bbox 127 1563 1182 1614; baseline -0.004 -10"><span class='ocrx_word' id='word_1_188' title='bbox 127 1572 370 1604; x_wconf 74' lang='lat' dir='ltr'><strong>Peccatozum</strong></span> <span class='ocrx_word' id='word_1_189' title='bbox 390 1567 592 1603; x_wconf 85' lang='lat' dir='ltr'><strong>discrimen</strong></span> <span class='ocrx_word' id='word_1_190' title='bbox 610 1566 764 1614; x_wconf 78' lang='lat' dir='ltr'><strong>agnovit</strong></span> <span class='ocrx_word' id='word_1_191' title='bbox 781 1569 825 1602; x_wconf 89' lang='lat' dir='ltr'><strong>D.</strong></span> <span class='ocrx_word' id='word_1_192' title='bbox 852 1565 997 1600; x_wconf 87' lang='lat' dir='ltr'><strong>Paulus.</strong></span> <span class='ocrx_word' id='word_1_193' title='bbox 1020 1563 1075 1600; x_wconf 89' lang='lat'><strong>11.</strong></span> <span class='ocrx_word' id='word_1_194' title='bbox 1101 1567 1182 1600; x_wconf 82' lang='grc'>135.</span> 
     </span>
    </p>

    <p class='ocr_par' dir='ltr' id='par_1_23' title="bbox 124 1619 1446 1718">
     <span class='ocr_line' id='line_1_28' title="bbox 124 1619 1446 1673; baseline -0.002 -13"><span class='ocrx_word' id='word_1_195' title='bbox 124 1625 275 1673; x_wconf 77' lang='lat' dir='ltr'><strong>Triplex</strong></span> <span class='ocrx_word' id='word_1_196' title='bbox 300 1628 540 1672; x_wconf 83' lang='lat' dir='ltr'><strong>peccatorum</strong></span> <span class='ocrx_word' id='word_1_197' title='bbox 564 1624 798 1670; x_wconf 82' lang='lat' dir='ltr'><strong>recordatio,</strong></span> <span class='ocrx_word' id='word_1_198' title='bbox 828 1635 901 1659; x_wconf 87' lang='lat' dir='ltr'><strong>una</strong></span> <span class='ocrx_word' id='word_1_199' title='bbox 925 1622 1041 1667; x_wconf 87' lang='lat' dir='ltr'><strong>mala,</strong></span> <span class='ocrx_word' id='word_1_200' title='bbox 1067 1633 1100 1657; x_wconf 84' lang='lat' dir='ltr'><strong>a</strong></span> <span class='ocrx_word' id='word_1_201' title='bbox 1090 1623 1182 1658; x_wconf 80' lang='lat' dir='ltr'><strong>tera</strong></span> <span class='ocrx_word' id='word_1_202' title='bbox 1211 1619 1446 1670; x_wconf 76' lang='lat' dir='ltr'><strong>periculosa,</strong></span> 
     </span>
     <span class='ocr_line' id='line_1_29' title="bbox 178 1678 681 1718; baseline 0 -1"><span class='ocrx_word' id='word_1_203' title='bbox 178 1680 290 1717; x_wconf 84' lang='lat' dir='ltr'><strong>tertia</strong></span> <span class='ocrx_word' id='word_1_204' title='bbox 307 1682 421 1717; x_wconf 87' lang='lat' dir='ltr'><strong>bona.</strong></span> <span class='ocrx_word' id='word_1_205' title='bbox 442 1680 513 1718; x_wconf 93' lang='lat' dir='ltr'><strong>IV.</strong></span> <span class='ocrx_word' id='word_1_206' title='bbox 536 1678 595 1717; x_wconf 87' lang='grc'><strong>57.</strong></span> <span class='ocrx_word' id='word_1_207' title='bbox 621 1685 681 1717; x_wconf 83' lang='grc'><strong>58.</strong></span> 
     </span>
    </p>
   </div>
   <div class='ocr_carea' id='block_1_4' title="bbox 415 1775 1157 1810">
    <p class='ocr_par' dir='ltr' id='par_1_24' title="bbox 415 1775 1157 1810">
     <span class='ocr_line' id='line_1_30' title="bbox 415 1775 1157 1810; baseline 0.001 -1"><span class='ocrx_word' id='word_1_208' title='bbox 415 1778 651 1810; x_wconf 80' lang='lat' dir='ltr'>PECCATUM</span> <span class='ocrx_word' id='word_1_209' title='bbox 678 1777 761 1810; x_wconf 86' lang='lat' dir='ltr'><strong>SEU</strong></span> <span class='ocrx_word' id='word_1_210' title='bbox 786 1776 930 1810; x_wconf 83' lang='lat' dir='ltr'>FOMES</span> <span class='ocrx_word' id='word_1_211' title='bbox 956 1775 1157 1810; x_wconf 73' lang='lat' dir='ltr'><strong>PECCATI.</strong></span> 
     </span>
    </p>
   </div>
   <div class='ocr_carea' id='block_1_5' title="bbox 127 1841 1451 2076">
    <p class='ocr_par' dir='ltr' id='par_1_25' title="bbox 127 1841 1447 1920">
     <span class='ocr_line' id='line_1_31' title="bbox 127 1841 1447 1920; baseline -0.002 -28"><span class='ocrx_word' id='word_1_212' title='bbox 127 1854 300 1893; x_wconf 79' lang='lat' dir='ltr'><strong>Christus</strong></span> <span class='ocrx_word' id='word_1_213' title='bbox 317 1865 384 1902; x_wconf 87' lang='lat' dir='ltr'><strong>per</strong></span> <span class='ocrx_word' id='word_1_214' title='bbox 397 1859 554 1891; x_wconf 84' lang='lat' dir='ltr'><strong>mortem</strong></span> <span class='ocrx_word' id='word_1_215' title='bbox 570 1841 674 1890; x_wconf 75' lang='lat' dir='ltr'><strong>suam</strong></span> <span class='ocrx_word' id='word_1_216' title='bbox 687 1858 884 1902; x_wconf 87' lang='lat' dir='ltr'><strong>peccatum</strong></span> <span class='ocrx_word' id='word_1_217' title='bbox 900 1866 967 1890; x_wconf 90' lang='lat' dir='ltr'><strong>suo</strong></span> <span class='ocrx_word' id='word_1_218' title='bbox 983 1864 1100 1920; x_wconf 72' lang='lat' dir='ltr'><strong>regno</strong></span> <span class='ocrx_word' id='word_1_219' title='bbox 1109 1853 1287 1901; x_wconf 74' lang='lat' dir='ltr'><strong>privavit.</strong></span> <span class='ocrx_word' id='word_1_220' title='bbox 1307 1852 1343 1890; x_wconf 85' lang='grc' dir='ltr'><strong>Ι.</strong></span> <span class='ocrx_word' id='word_1_221' title='bbox 1362 1856 1447 1890; x_wconf 88' lang='grc'>186.</span> 
     </span>
    </p>

    <p class='ocr_par' dir='ltr' id='par_1_26' title="bbox 127 1911 1451 2076">
     <span class='ocr_line' id='line_1_32' title="bbox 127 1911 1450 1960; baseline 0 -11"><span class='ocrx_word' id='word_1_222' title='bbox 127 1916 241 1957; x_wconf 83' lang='lat' dir='ltr'><strong>Deus,</strong></span> <span class='ocrx_word' id='word_1_223' title='bbox 262 1923 330 1960; x_wconf 89' lang='lat' dir='ltr'><strong>per</strong></span> <span class='ocrx_word' id='word_1_224' title='bbox 354 1924 504 1949; x_wconf 89' lang='lat' dir='ltr'><strong>carnem</strong></span> <span class='ocrx_word' id='word_1_225' title='bbox 523 1913 544 1948; x_wconf 67' lang='lat' dir='ltr'><strong>a</strong></span> <span class='ocrx_word' id='word_1_226' title='bbox 571 1911 652 1948; x_wconf 84' lang='lat' dir='ltr'><strong>filio</strong></span> <span class='ocrx_word' id='word_1_227' title='bbox 677 1916 907 1958; x_wconf 81' lang='lat' dir='ltr'><strong>assumptam</strong></span> <span class='ocrx_word' id='word_1_228' title='bbox 937 1917 974 1948; x_wconf 88' lang='lat' dir='ltr'><strong>et</strong></span> <span class='ocrx_word' id='word_1_229' title='bbox 998 1911 1102 1959; x_wconf 82' lang='lat' dir='ltr'><strong>quasi</strong></span> <span class='ocrx_word' id='word_1_230' title='bbox 1128 1911 1382 1958; x_wconf 81' lang='lat' dir='ltr'><strong>peccatricem</strong></span> <span class='ocrx_word' id='word_1_231' title='bbox 1406 1911 1450 1949; x_wconf 85' lang='lat' dir='ltr'><strong>in</strong></span> 
     </span>
     <span class='ocr_line' id='line_1_33' title="bbox 175 1967 1451 2019; baseline -0.001 -12"><span class='ocrx_word' id='word_1_232' title='bbox 175 1982 291 2007; x_wconf 87' lang='lat' dir='ltr'><strong>cruce</strong></span> <span class='ocrx_word' id='word_1_233' title='bbox 308 1981 550 2019; x_wconf 86' lang='lat' dir='ltr'><strong>suspensam,</strong></span> <span class='ocrx_word' id='word_1_234' title='bbox 574 1970 765 2007; x_wconf 85' lang='lat' dir='ltr'><strong>damnavit</strong></span> <span class='ocrx_word' id='word_1_235' title='bbox 781 1974 1004 2017; x_wconf 84' lang='lat' dir='ltr'><strong>peccatum,</strong></span> <span class='ocrx_word' id='word_1_236' title='bbox 1022 1981 1090 2007; x_wconf 90' lang='lat' dir='ltr'><strong>seu</strong></span> <span class='ocrx_word' id='word_1_237' title='bbox 1109 1969 1282 2007; x_wconf 78' lang='lat' dir='ltr'><strong>fomitem</strong></span> <span class='ocrx_word' id='word_1_238' title='bbox 1299 1967 1451 2019; x_wconf 74' lang='lat' dir='ltr'><strong>peccati</strong></span> 
     </span>
     <span class='ocr_line' id='line_1_34' title="bbox 177 2027 741 2076; baseline 0 -12"><span class='ocrx_word' id='word_1_239' title='bbox 177 2039 281 2064; x_wconf 85' lang='lat' dir='ltr'><strong>reum</strong></span> <span class='ocrx_word' id='word_1_240' title='bbox 301 2027 461 2076; x_wconf 81' lang='lat' dir='ltr'><strong>peregit.</strong></span> <span class='ocrx_word' id='word_1_241' title='bbox 485 2027 518 2065; x_wconf 91' lang='lat' dir='ltr'><strong>I.</strong></span> <span class='ocrx_word' id='word_1_242' title='bbox 548 2030 626 2066; x_wconf 84' lang='grc'>185.</span> <span class='ocrx_word' id='word_1_243' title='bbox 658 2031 741 2064; x_wconf 88' lang='grc'>186.</span> 
     </span>
    </p>
   </div>
   <div class='ocr_carea' id='block_1_6' title="bbox 658 2114 904 2148">
    <p class='ocr_par' dir='ltr' id='par_1_27' title="bbox 658 2114 904 2148">
     <span class='ocr_line' id='line_1_35' title="bbox 658 2114 904 2148; baseline 0.004 -2"><span class='ocrx_word' id='word_1_244' title='bbox 658 2114 904 2148; x_wconf 76' lang='lat' dir='ltr'><strong>PECCATOR.</strong></span> 
     </span>
    </p>
   </div>
   <div class='ocr_carea' id='block_1_7' title="bbox 70 2189 1288 2470">
    <p class='ocr_par' dir='ltr' id='par_1_28' title="bbox 129 2189 990 2242">
     <span class='ocr_line' id='line_1_36' title="bbox 129 2189 990 2242; baseline 0.001 -14"><span class='ocrx_word' id='word_1_245' title='bbox 129 2193 321 2229; x_wconf 81' lang='lat' dir='ltr'><strong>Horrenda</strong></span> <span class='ocrx_word' id='word_1_246' title='bbox 337 2194 547 2241; x_wconf 86' lang='lat' dir='ltr'><strong>peccatoris</strong></span> <span class='ocrx_word' id='word_1_247' title='bbox 564 2194 727 2242; x_wconf 86' lang='lat' dir='ltr'><strong>pictura.</strong></span> <span class='ocrx_word' id='word_1_248' title='bbox 750 2193 823 2232; x_wconf 90' lang='lat' dir='ltr'><strong>IV.</strong></span> <span class='ocrx_word' id='word_1_249' title='bbox 840 2189 906 2231; x_wconf 54' lang='lat'><strong>150.</strong></span> <span class='ocrx_word' id='word_1_250' title='bbox 928 2195 990 2230; x_wconf 73' lang='lat'><strong>64.</strong></span> 
     </span>
    </p>

    <p class='ocr_par' dir='ltr' id='par_1_29' title="bbox 70 2248 1152 2355">
     <span class='ocr_line' id='line_1_37' title="bbox 70 2248 1152 2301; baseline 0.001 -16"><span class='ocrx_word' id='word_1_251' title='bbox 70 2296 76 2301; x_wconf 73' lang='lat'><strong>.</strong></span> <span class='ocrx_word' id='word_1_252' title='bbox 127 2253 210 2296; x_wconf 87' lang='lat' dir='ltr'><strong>Quo</strong></span> <span class='ocrx_word' id='word_1_253' title='bbox 228 2261 340 2286; x_wconf 89' lang='lat' dir='ltr'><strong>sensu</strong></span> <span class='ocrx_word' id='word_1_254' title='bbox 356 2251 397 2288; x_wconf 89' lang='lat' dir='ltr'><strong>S.</strong></span> <span class='ocrx_word' id='word_1_255' title='bbox 416 2253 552 2288; x_wconf 85' lang='lat' dir='ltr'><strong>Paulus</strong></span> <span class='ocrx_word' id='word_1_256' title='bbox 573 2252 718 2298; x_wconf 85' lang='lat' dir='ltr'><strong>primus</strong></span> <span class='ocrx_word' id='word_1_257' title='bbox 739 2256 995 2300; x_wconf 85' lang='lat' dir='ltr'><strong>peccatorum.</strong></span> <span class='ocrx_word' id='word_1_258' title='bbox 1015 2248 1069 2289; x_wconf 86' lang='lat' dir='ltr'><strong>V.</strong></span> <span class='ocrx_word' id='word_1_259' title='bbox 1091 2249 1152 2286; x_wconf 76' lang='lat'><strong>85.</strong></span> 
     </span>
     <span class='ocr_line' id='line_1_38' title="bbox 129 2307 890 2355; baseline 0.001 -13"><span class='ocrx_word' id='word_1_260' title='bbox 129 2308 265 2342; x_wconf 84' lang='lat' dir='ltr'><strong>Paulus</strong></span> <span class='ocrx_word' id='word_1_261' title='bbox 282 2311 523 2355; x_wconf 88' lang='lat' dir='ltr'><strong>peccatorum</strong></span> <span class='ocrx_word' id='word_1_262' title='bbox 542 2309 765 2346; x_wconf 80' lang='lat' dir='ltr'><strong>consolatio.</strong></span> <span class='ocrx_word' id='word_1_263' title='bbox 789 2307 890 2344; x_wconf 85' lang='lat' dir='ltr'><strong>Ibid.</strong></span> 
     </span>
    </p>

    <p class='ocr_par' dir='ltr' id='par_1_30' title="bbox 126 2361 1288 2470">
     <span class='ocr_line' id='line_1_39' title="bbox 128 2361 1288 2412; baseline 0.001 -15"><span class='ocrx_word' id='word_1_264' title='bbox 128 2363 346 2410; x_wconf 77' lang='lat' dir='ltr'><strong>Exemplum</strong></span> <span class='ocrx_word' id='word_1_265' title='bbox 366 2364 503 2399; x_wconf 80' lang='lat' dir='ltr'><strong>divinae</strong></span> <span class='ocrx_word' id='word_1_266' title='bbox 522 2364 790 2401; x_wconf 74' lang='lat' dir='ltr'><strong>misericordiae</strong></span> <span class='ocrx_word' id='word_1_267' title='bbox 808 2364 850 2400; x_wconf 83' lang='lat' dir='ltr'><strong>in</strong></span> <span class='ocrx_word' id='word_1_268' title='bbox 871 2366 1106 2412; x_wconf 78' lang='lat' dir='ltr'><strong>peccatores.</strong></span> <span class='ocrx_word' id='word_1_269' title='bbox 1126 2361 1288 2398; x_wconf 79' lang='lat' dir='ltr'><strong>Ibidem.</strong></span> 
     </span>
     <span class='ocr_line' id='line_1_40' title="bbox 126 2419 1234 2470; baseline -0.001 -13"><span class='ocrx_word' id='word_1_270' title='bbox 126 2423 235 2457; x_wconf 81' lang='lat' dir='ltr'><strong>Jesus</strong></span> <span class='ocrx_word' id='word_1_271' title='bbox 254 2420 423 2457; x_wconf 87' lang='lat' dir='ltr'><strong>Christus</strong></span> <span class='ocrx_word' id='word_1_272' title='bbox 440 2421 544 2459; x_wconf 87' lang='lat' dir='ltr'><strong>venit</strong></span> <span class='ocrx_word' id='word_1_273' title='bbox 561 2427 781 2470; x_wconf 81' lang='lat' dir='ltr'><strong>peccatores</strong></span> <span class='ocrx_word' id='word_1_274' title='bbox 799 2423 921 2459; x_wconf 80' lang='lat' dir='ltr'><strong>salvos</strong></span> <span class='ocrx_word' id='word_1_275' title='bbox 938 2420 1076 2458; x_wconf 75' lang='lat' dir='ltr'><strong>facere.</strong></span> <span class='ocrx_word' id='word_1_276' title='bbox 1095 2419 1150 2461; x_wconf 84' lang='lat' dir='ltr'><strong>V.</strong></span> <span class='ocrx_word' id='word_1_277' title='bbox 1171 2421 1234 2457; x_wconf 78' lang='lat'><strong>8⁴.</strong></span> 
     </span>
    </p>
   </div>
  </div>
 </body>
</html>
