1474 2658
0 0 75 98 Γ
156 45 166 51 ’
357 67 541 113 ‘nm
567 67 814 101 meost-no.
842 56 944 111 Cap.
971 56 1076 100 XII.
1289 50 1373 110 287

56 130 217 187 ‚nu
221 134 264 176 in
283 146 422 177 carne
413 129 573 176 Christi
598 131 867 174 attendenda·
885 133 971 186 quis
1004 131 1101 175 ille?
1131 126 1252 186 quae'?
1284 135 1323 172 et
1353 131 1377 171 a

59 202 202 258 quibus
219 208 278 244 est
295 193 462 258 passus?

102 263 249 322 Ιίὲφε
266 264 523 323 perpendite,
541 263 694 307 assidue
711 269 751 306 et
762 265 862 306 serio
878 264 1043 318 cogitate
1058 278 1071 304 ι
1086 262 1217 316 Eum,
1232 260 1275 304 id
1291 267 1374 314 est,

50 332 139 388 quis
153 363 166 383 ‚
188 332 307 388 qualis
329 338 368 374 et
383 337 545 385 quantus
565 330 613 371 sit
635 330 668 370 is
687 330 767 383 qui.

111 395 275 446 Talon,
295 393 512 450 emphatica
529 400 586 435 est
604 395 676 437 ista
695 394 832 444 dictio,
851 391 1258 447 ait‘l'heophylactus.

119 461 282 513 Talem,
308 460 350 503 id
364 466 451 512 est,
467 466 546 501 tam
564 449 839 515 multiplicem,
859 466 937 500 tam
957 471 1141 513 gravem,
1162 464 1239 498 tam
1257 458 1377 511 igno-

55 527 279 570 miniosam.

108 593 316 635 Sustinuit
331 594 361 633 ὰ
370 592 654 648 peccatoribus.
669 589 757 648 Syr.
771 594 793 632 a
807 591 1014 633 sceleratis.

123 654 375 700 Inversiculo
394 655 627 711 praecedenti
646 657 866 710 patientiam
887 652 1030 696 Christi
1049 653 1185 696 extulit
1199 667 1249 695 ex
1271 659 1378 707 parte
1431 685 1435 688 .

36 736 45 739 ·’
54 725 225 778 optionis
242 725 376 767 liberae
394 740 405 765 ε
424 723 490 765 hic
504 738 557 765 ex
579 730 685 777 parte
712 729 999 778 persecutorum
1026 722 1262 777 indignitatis
1277 751 1295 773 ‚ff
1313 721 1379 776 qui

53 797 278 844 pecatores
291 796 400 833 erant
417 796 456 831 et
468 789 655 831 scelerati.

109 855 307 898 Adoersc'as
327 891 329 893 .
351 856 604 908 semetipsum
636 855 1001 905 contradictionem.
1037 851 1110 896 Gr.
1149 855 1191 895 in
1227 858 1351 895 semet
1366 883 1378 904 ‚

51 924 131 961 etc.
285 959 287 963 ,

106 981 283 1026 Nomine
302 983 615 1026 contradictionis
646 983 942 1037 comprehendit
972 986 1168 1026 irrisiones
1180 1014 1193 1036 ‚
1226 983 1378 1026 calum-

50 1049 136 1090 nias
150 1079 162 1099 ,
178 1049 413 1104 improperia
429 1078 442 1100 ,
461 1047 716 1101 blasphemias
731 1067 750 1099 ‚·
764 1049 843 1089 imo
864 1055 982 1090 totam
1003 1050 1235 1103 passionem.

114 1113 170 1154 Ul
189 1128 240 1154 ne
242 1111 526 1167 fatigemini...
540 1115 664 1167 pergit
679 1114 719 1154 in
738 1112 962 1167 metaphora
979 1113 1126 1155 cursus.

109 1174 309 1220 Christum
323 1209 335 1228 ‚
366 1180 523 1233 inquam
538 1209 550 1229 ‚
575 1177 658 1219 talia
681 1183 719 1218 et
737 1183 842 1219 tanta
863 1192 934 1231 pro
953 1178 1067 1218 vobis
1087 1178 1298 1232 patientem
1316 1181 1381 1217 at-

56 1241 228 1292 tendite,
253 1255 304 1283 ne
322 1241 543 1297 fatigatione
564 1244 655 1284 victi
680 1242 821 1284 cadatis
844 1243 883 1282 in
903 1241 1033 1283 medio
1050 1255 1161 1284 cursu
1176 1271 1187 1293 ‚
1209 1255 1304 1292 seu,
1337 1246 1381 1282 ut
1447 1281 1450 1283 Α

52 1304 183 1347 simile
201 1303 293 1360 quid
316 1308 505 1359 patientes
519 1338 531 1358 ‚
548 1321 628 1348 non
647 1305 835 1348 deficiatis
867 1308 1010 1347 animo.

114 1362 165 1414 Ϊ.
185 1369 228 1420 4.
245 1369 438 1412 Nondum
455 1375 561 1413 enim
585 1387 704 1426 usque
725 1372 783 1412 ad
794 1373 1071 1424 sanguinem...
1090 1369 1183 1426 Syr.
1202 1369 1379 1412 nondum

50 1437 288 1491 pervenistis
306 1451 426 1493 usque
446 1438 496 1479 ad
518 1440 744 1493 sanguinem
764 1440 803 1479 in
822 1440 1030 1480 certamine
1048 1438 1153 1493 quod
1172 1438 1213 1480 fit
1233 1437 1381 1479 adver-

49 1506 116 1546 sus
137 1511 358 1557 pecoetum.

113 1566 237 1622 Quasi
266 1570 412 1611 diceret
430 1586 441 1610 ε
459 1568 589 1612 Parva
608 1576 696 1612 sunt
718 1584 802 1623 quae
833 1572 1030 1623 patimini,
1057 1572 1088 1612 si
1116 1586 1203 1613 cum
1235 1569 1380 1615 Christi

51 1635 295 1687 passionibus
311 1633 553 1676 conferantur
571 1650 580 1675 ε
598 1634 771 1676 nondum
789 1637 893 1676 enim
909 1649 1029 1691 usque
1045 1635 1093 1677 ad
1108 1638 1302 1691 sanguinis
1318 1636 1380 1679 ef-

56 1694 251 1740 fusionem
274 1700 375 1751 passi
396 1701 502 1740 estis.

118 1759 324 1805 Bonorum
361 1763 544 1818 equidem
571 1771 787 1806 vestrorum
800 1767 972 1820 rapinam
991 1765 1127 1807 tulistis
1143 1782 1153 1815 ;
1172 1765 1243 1807 sed
1261 1767 1381 1807 vitam

54 1827 234 1881 nondum
249 1827 410 1870 dedistis
430 1831 470 1870 in
485 1832 694 1872 certamine
713 1831 817 1884 quod
834 1832 876 1874 fit
894 1831 1080 1874 adversus
1096 1839 1312 1886 peccatum.

112 1894 396 1948 'Repugnantes
410 1892 775 1950 ἀνταγωνιζόμενοι
787 1927 801 1946 ,
822 1899 939 1939 instar
958 1897 1115 1940 athletae
1138 1898 1380 1941 decertantes

49 1957 235 2001 adversus
261 1969 484 2015 peccatum,
506 1965 706 2018 apostasiae
740 1963 885 2006 scilicet
900 1995 912 2017 ,
948 1964 997 2005 ad
1021 1965 1124 2021 quod
1154 1962 1286 2007 Judaei
1307 1980 1379 2008 vos

61 2023 276 2065 sollicitant.

110 2084 322 2130 Peccatum
340 2093 580 2144 antagonista
597 2099 728 2133 noster
756 2099 842 2140 est,
873 2108 1066 2135 summum
1060 2092 1217 2136 ‘mundi
1238 2093 1380 2135 malum

49 2157 139 2192 est:
155 2167 230 2194 nec
247 2152 388 2203 homo,
411 2170 487 2196 nec
513 2156 700 2208 daemon,
737 2172 810 2199 nec
835 2156 943 2199 Deus
968 2160 1080 2213 ipse,
1106 2162 1254 2202 tantum
1289 2160 1378 2201 mali

51 2215 166 2256 nobis
183 2215 321 2258 inferre
344 2222 699 2274 potest,quanti1m
723 2222 839 2262 nobis
855 2237 976 2264 unum
996 2223 1264 2265 tantummodo
1285 2238 1380 2277 pec-

51 2285 178 2321 catum
198 2279 334 2330 infert3
356 2282 494 2324 malum
508 2285 614 2324 enim
626 2298 750 2338 poenae
768 2289 914 2328 tanturn
928 2286 1068 2330 inferre
1085 2295 1266 2342 possunt,
1280 2288 1385 2345 quod
1443 2308 1447 2313 ¹

52 2344 163 2389 malo
181 2345 321 2401 culpae,
347 2362 414 2390 seu
437 2356 619 2403 peccato,
646 2351 759 2405 longe
778 2355 902 2394 minus
922 2361 996 2396 est.

117 2408 249 2466 Hinc,
268 2415 372 2469 quasi
390 2414 567 2469 athletae,
589 2418 679 2459 totis
698 2418 842 2461 viribus
856 2427 988 2463 contra
1003 2427 1202 2475 peccatum
1219 2429 1382 2475 antago-
