1474 2658
85 39 173 94 344
392 53 529 84 mnsx
557 51 704 85 aarum
742 55 799 86 m*
829 47 1099 88 -vssnnoimin

85 114 149 147 Est
166 110 226 148 via
244 122 355 160 supra
367 112 520 149 modum
535 111 618 149 aliis
635 114 889 158 excellentior.
909 114 963 152 II.
988 120 1083 154 325.

86 168 171 204 Sola
187 168 319 216 lingua
337 169 485 214 cordis,
507 181 574 207 seu
591 169 806 218 charitatis,
830 173 1007 209 auditur
995 186 1016 210 a
1034 177 1126 212 Deo.
1144 172 1199 213 11.
1222 165 1309 214 33'2.

86 225 253 264 Charitas
280 226 333 263 ita
359 226 594 275 necessaria,
614 232 657 264 ut
688 229 769 266 sine
798 229 842 266 ea
872 230 968 266 nibil
995 231 1116 279 prosit
1148 231 1197 268 ad
1223 233 1395 270 salutem.

138 291 184 323 Π.
207 291 293 324 333
673 302 678 306 ”

87 349 137 382 Ex
155 345 339 438 ghgritate
355 351 456 384 Deus
469 348 595 385 omnia
606 352 731 386 nostra
742 353 888 398 pensat,
904 349 1026 399 ipsum
1039 350 1151 388 etiam
1162 351 1397 401 martyrium.

64 418 66 421 v
138 406 150 437 l
180 401 193 438 i
225 430 235 439 .

89 458 258 496 Charitas
287 460 496 497 remedium
529 465 585 498 est
617 462 850 508 universale,
881 467 920 501 et
953 463 1122 501 omnium
1146 463 1400 517 spiritualium

139 517 406 565 aegritudinum
427 519 584 555 medela.
606 519 660 556 11.
683 525 767 558 334.

90 573 260 611 Charitas
278 575 402 610 omnia
423 577 520 611 mala
538 581 728 621 removet;
749 577 874 614 omnia
892 578 992 614 hona
1010 577 1111 615 facit.
1131 581 1177 615 11.
1199 578 1284 616 334.
1310 579 1396 637 335.

142 634 228 668 336.

88 690 283 736 Quomodo
295 690 594 738 dignoscendum
608 701 656 726 an
668 690 890 728 charitatem
906 691 1135 729 habeamus?
1148 695 1191 729 11.
1210 696 1295 731 336.

84 745 253 784 Charitas
269 748 310 784 in
329 742 509 785 aetern'um
529 748 694 786 durabit.
715 753 758 787 ll.
793 754 878 787 336.
904 755 990 789 337.

11 811 13 814 “
86 804 256 842 Charitas
273 806 455 844 virtutum
475 806 627 854 regina,
647 819 715 844 nos
737 812 815 844 Deo
842 808 1064 856 conjungit,
1084 812 1239 857 Deoque
1259 807 1400 847 similes

137 863 241 900 facit.
267 868 311 901 11.
335 868 418 901 355.

88 922 152 956 Est
169 922 338 957 omnium
355 921 536 958 virtutum
553 921 710 958 maxime
724 922 952 969 necessaria,
969 922 1127 960 maxime
1141 923 1245 960 utilis
1256 948 1267 970 ‚
1284 923 1400 960 maxi-

137 979 197 1015 me
218 980 407 1016 duratura.

84 1037 190 1073 Illam
210 1047 299 1084 ergo
326 1041 404 1073 toto
426 1036 511 1073 vitae
538 1034 905 1085 temporfl‘debemus
927 1035 1167 1085 desiderare,
1193 1037 1411 1088 prosequis

135 1094 346 1138 custodire,
369 1092 564 1141 perficere.
591 1093 687 1130 lbid.

85 1150 314 1187 charismata
333 1162 376 1187 ex
393 1151 574 1187 charitate
591 1150 851 1187 desideranda.
871 1149 967 1188 lbid.

85 1209 286 1248 charitatis
305 1210 472 1246 debitum
493 1214 548 1246 est
576 1214 802 1258 perpetuum
815 1237 826 1255 ,
847 1220 996 1258 semper
1011 1210 1174 1248 solubile
1187 1209 1233 1248 *et
1254 1219 1402 1259 semper

130 1269 353 1314 insolubile3
375 1274 412 1306 et
430 1270 501 1306 hoc
521 1269 579 1305 illi
598 1270 806 1318 proprium.
831 1270 863 1306 Ι.
889 1269 973 1306 345.
999 1272 1085 1308 348.

84 1318 169 1364 ΒίΖ
166 1322 234 1373 ςἐε
249 1330 471 1373 proximum
500 1333 607 1364 tuum
626 1330 728 1365 sicut
754 1334 788 1364 te
807 1330 935 1376 ipsum
948 1327 1070 1377 z‘quid
1093 1328 1284 1377 significat
1305 1327 1399 1374 hoc,

135 1382 305 1419 sicut?1.
330 1388 415 1420 345.

84 1444 166 1477 Νοιι
183 1441 461 1488 aequalitatem,
479 1441 545 1477 sed
563 1441 849 1478 similitudinem
869 1452 1028 1489 eamque
1043 1440 1246 1489 triplicem.
1266 1444 1295 1478 1.
1314 1442 1400 1479 345.

82 1500 221 1548 Dilige,
242 1504 280 1538 et
296 1501 355 1537 sac
372 1501 475 1548 quod
489 1500 558 1538 vis.
580 1501 675 1538 lbid.

83 1559 267 1594 Fratexnae
292 1557 484 1594 charitatis
511 1561 567 1621 est
592 1558 785 1604 debitum,
806 1561 850 1595 ut
876 1557 1049 1594 fortiores
1070 1556 1192 1594 serant
1214 1555 1399 1597 infirmos.

137 1620 165 1652 1.
190 1621 274 1654 382.
298 1622 383 1654 383.

87 1673 143 1709 Ad
155 1672 228 1709 hoc
241 1673 294 1710 eis
312 1674 422 1709 datur
435 1673 490 1710 vis
517 1677 554 1710 ct
575 1673 713 1718 virtus,
734 1677 776 1710 ut
805 1673 899 1710 alios
923 1676 1094 1721 portent,
1111 1671 1401 1724 compatiendo,

136 1731 380 1777 instruendo,
403 1735 474 1768 etc.
498 1736 525 1767 I.
549 1736 635 1769 382.

86 1785 192 1823 Sicut
216 1787 257 1822 in
285 1798 445 1835 corpore
472 1788 636 1824 naturali
664 1788 830 1824 membra
856 1787 1020 1824 firmiora
1051 1763 1178 1824 ferunt
1204 1786 1401 1824 debiliora.

138 1847 165 1878 Ι.
188 1848 275 1880 382.

87 1899 221 1936 Sicut
212 1913 251 1936 m
271 1899 431 1936 aedificio
457 1900 643 1937 materiali
668 1902 931 1949 fundamenta,
955 1903 1162 1947 columnae,
1190 1905 1264 1939 etc.
1289 1902 1405 1940 susti·
1426 1904 1430 1909 ’

138 1961 232 1993 nent
249 1961 367 1994 totum
388 1957 539 1994 aedificii
556 1959 720 2006 pondus.
741 1958 841 1994 lbid.

89 2016 194 2053 Sicut
213 2016 347 2054 divites
362 2029 426 2052 sua
442 2017 579 2054 debent
596 2017 823 2065 pauperibus
842 2028 996 2065 erogare
1011 2030 1021 2061 ;
1040 2017 1091 2054 ita
1106 2016 1294 2054 doctiores
1305 2043 1316 2062 ‚
1331 2015 1408 2054 for-

138 2073 253 2109 tiores
272 2075 411 2110 debent
429 2086 534 2110 suam
555 2075 615 2111 vel
633 2074 828 2111 scientiam
844 2101 855 2122 ,
874 2076 933 2111 vel
954 2073 1215 2111 fortitudinem
1233 2083 1406 2110 commu-

140 2131 284 2168 nicare.
305 2133 401 2169 lbid.

91 2187 200 2224 Sicut
217 2193 377 2236 peccant
392 2188 527 2224 divites
539 2217 548 2233 ‚
566 2188 603 2224 in
620 2189 696 2228 suis
710 2189 851 2226 divitiis
868 2188 938 2225 sibi
952 2189 1146 2236 placentes
1157 2213 1168 2232 ‚
1184 2182 1320 2235 easque
1334 2187 1407 2224 sibi

139 2244 229 2281 solis
247 2250 478 2282 reservantes
494 2258 503 2288 ;
519 2246 569 2281 ita
587 2251 748 2294 peccant
761 2247 991 2294 quicumque
1005 2245 1045 2280 in
1056 2246 1157 2281 bono
1173 2244 1246 2280 sibi
1263 2244 1406 2281 credito

140 2304 401 2351 complacent,
431 2307 469 2339 et
494 2314 538 2339 eo
564 2305 611 2339 ad
635 2305 796 2353 proximi
823 2303 1062 2343 commodum
1085 2306 1123 2339 et
1149 2302 1307 2338 salutem
1329 2313 1409 2339 non

142 2365 316 2400 utuntur.
336 2367 364 2398 Ι.
388 2366 473 2399 382.
501 2365 586 2399 394.

91 2419 354 2470 Unusquisque
372 2420 604 2457 Christianus
621 2420 733 2458 debet
753 2421 923 2470 proximo
945 2431 1013 2458 suo
1039 2419 1299 2468 complacere,
1319 2428 1407 2467 gra-
