1474 2658
1230 0 1331 30 )*·'‘'·'.“l‘-
1356 0 1362 3 ’·
1393 0 1409 6 ·=
1440 2 1468 18 γ.;

111 67 200 119 420
413 80 550 111 mnnx
583 80 751 112 nanum
776 83 830 114 m
860 81 1123 120 valentinum.

47 158 54 163 -
116 137 226 184 Quod
236 136 426 173 infirmum
440 137 571 174 Judaeo
586 138 786 178 videturin
800 141 987 179 crucifixo
1006 143 1285 193 omnipotentia
1296 131 1433 198 poten·

164 193 238 229 tius
258 197 326 229 est.
346 193 402 229 II.
423 198 961 231 2-1.Ἰ

113 249 334 285 Praedicatio
354 250 531 287 crucifixi
549 251 599 288 sit
615 252 786 301 simplex.
806 253 860 290 II.
883 258 945 292 24.

114 305 237 342 Nimia
253 308 471 354 eloquentia
489 314 645 346 evacuat
659 311 783 347 crucis
807 311 987 348 virtutem
1006 316 1045 350 et
1064 314 1243 352 crucifixi
1256 294 1430 364 gratiam.

164 366 299 405 11.2⁴.
323 368 413 405 vide
434 369 474 406 Ε
476 370 692 419 loquentta
712 372 846 408 Crucis
865 373 1047 420 verbum,
1067 375 1318 416 Proedtcauo.

194 480 225 506 α.
682 467 858 503 JOSEPH.

118 537 257 586 Figura
276 539 418 577 Christi
437 542 475 577 in
490 542 705 579 humilitate
719 547 756 579 et
775 543 814 579 in
833 544 966 591 gloria.
988 544 1061 583 VI.
1083 551 1169 586 263.

108 591 236 630 ..Iffeob
255 594 394 632 Christi
408 601 633 645 potestatem
647 599 819 635 adoravit
834 600 873 635 in
891 603 1047 649 Joseph.
1068 602 1168 640 Ibid.

704 686 861 722 JUDAEI.

115 756 300 795 Beneficia
313 759 453 796 Judaeis
463 761 614 808 collata,
631 763 836 809 gratiarum
849 764 958 803 nobis
973 765 1196 805 Christianis
1212 768 1433 806 collatarum

104 823 109 827 ·
165 813 321 851 suerunt
338 817 480 853 umbrae
497 821 535 854 et
554 818 698 865 figurae.
718 820 773 856 Il.
795 826 881 858 233.

115 872 331 909 Judaeorum
361 886 430 921 per
458 887 559 912 mare
579 879 743 914 Rubrum
764 881 943 915 transitus
967 880 1039 917 suit
1057 882 1178 918 nostri
1195 883 1434 931 Baptismatis

165 929 536 977 figura.1bid.vide
555 933 918 982 Fiqura,Umb1·.a

116 989 263 1035 Nubes,
283 1001 349 1026 seu
371 991 547 1027 columna
566 993 698 1037 nubis,
719 993 790 1028 fuit
809 994 946 1031 divinae
964 995 1117 1042 gratiae,
1139 1008 1209 1034 nos
1229 997 1277 1034 ad
1294 1001 1435 1035 terram

162 1047 388 1094 promissam
404 1049 598 1094 ducentis,
619 1049 753 1098 figura.
774 1052 868 1088 Vide
888 1053 1103 1100 paritatem.
1124 1046 1228 1092 Ibid.

109 1103 263 1148 Gratia,
300 1105 399 1141 sicut
426 1105 506 1141 haec
525 1107 667 1151 nubes,
705 1118 771 1144 seu
792 1109 966 1145 columna
987 1108 1202 1160 illuminat,
1233 1109 1434 1157 calefacit,

165 1165 350 1199 sustentat
364 1168 401 1199 et
416 1163 582 1200 rohai-,at
603 1163 705 1201 lbid.

114 1219 246 1254 Manna
265 1217 337 1254 fuit
354 1219 614 1255 sacratissimae
635 1220 878 1257 Eucharistiae
900 1220 1039 1269 figura.
1061 1220 1115 1258 II.
1139 1224 1226 1259 234.

114 1276 220 1312 Petra
238 1278 360 1312 Horeb
381 1276 501 1324 figura
521 1278 659 1315 Christi
675 1306 687 1326 ,
716 1280 814 1328 lapis
831 1276 1023 1327 angularis
1050 1284 1088 1318 et
1106 1278 1285 1318 Ecclesiae
1302 1279 1439 1317 funda-

164 1335 298 1371 menti.
318 1335 420 1372 lbid.
1287 1345 1293 1348 ’

110 1396 251 1431 Omnes
268 1393 473 1431 Christiani
493 1396 628 1432 iisdem
648 1400 890 1435 sacramentis
910 1396 1169 1448 participant,
1188 1398 1287 1436 sicut
1305 1408 1438 1436 omnes

165 1452 288 1489 Judaei
315 1453 447 1490 eadem
478 1454 657 1502 recepere
680 1455 890 1500 beneficiam
923 1459 989 1492 sed
1013 1469 1062 1493 ne
1093 1462 1294 1505 propterea
1323 1458 1439 1494 nobis

163 1509 419 1556 blandiamur,
438 1511 506 1547 sed
523 1511 641 1557 magis
661 1512 878 1559 timeamus,
899 1514 973 1550 nisi
993 1514 1109 1550 simus
1127 1514 1204 1550 illis
1229 1512 1437 1552 fideliores.

165 1564 268 1602 Ibid.

115 1623 332 1660 Judaeorum
352 1635 461 1661 casus
478 1637 556 1662 non
575 1631 632 1663 est
648 1627 919 1674 irreparabilis.
937 1628 971 1666 I.
989 1632 1077 1666 299.

116 1683 193 1718 Sub
211 1682 327 1719 finem
346 1684 477 1720 mundi
493 1685 729 1733 resipiscent.
754 1686 786 1723 Ι.
811 1691 896 1724 300.

115 1743 158 1774 lu
178 1739 315 1785 quibus
341 1741 506 1776 textibus
524 1741 680 1779 fundata
697 1743 747 1779 sit
759 1744 977 1781 Judaeorum
1000 1744 1200 1783 conversio
1220 1743 1379 1783 futura?
1403 1743 1437 1782 1.

167 1800 260 1832 307.
1366 1808 1368 1813 '

116 1853 336 1889 Judaeorum
359 1852 508 1889 caecitas
524 1858 562 1890 et
580 1855 780 1892 obduratio
799 1856 1018 1902 mysterium
1035 1859 1104 1892 est.
1124 1855 1226 1893 Ibid.

118 1913 171 1946 Ex
188 1909 404 1945 Judaeorum
423 1921 513 1945 casu
525 1937 536 1957 ,
557 1911 763 1947 Gentilium
781 1911 928 1948 vocatio
944 1916 981 1947 et
999 1912 1111 1947 salus.

119 1971 165 2006 Et
181 1979 225 2004 ex
246 1967 454 2005 Gentilium
470 1971 590 2006 salute
603 1970 807 2018 aliquando
825 1972 1042 2008 Judaeorum
1064 1969 1277 2008 conversio.
1295 1969 1330 2009 Ι.
1353 1973 1439 2008 300.

169 2026 262 2063 Vide
284 2025 510 2064 obduratio.

104 2087 316 2128 ‚adoranda
333 2087 373 2123 in
393 2088 465 2124 hoc
483 2088 728 2126 consiliorum
744 2089 813 2127 Dei
831 2089 1085 2137 profunditas.
1106 2089 1209 2127 Ibid.
1228 2087 1322 2126 vide
1343 2087 1442 2127 Gon·

171 2143 298 2179 silium
316 2142 403 2187 Dei,
424 2143 621 2181 Iudicium
640 2145 729 2190 Dei,
752 2147 875 2183 Deus.

123 2202 219 2235 octo
237 2199 453 2235 Judaeorum
472 2200 686 2249 privilegia.
708 2202 741 2240 Ι.
763 2208 848 2240 228.

125 2258 211 2291 Haec
227 2260 362 2302 inagna
375 2256 528 2303 quidem
543 2283 554 2302 ‚
574 2263 612 2295 at
630 2259 927 2296 Christianorum
949 2259 1071 2297 multo
1090 2259 1244 2307 majora.
1264 2259 1300 2298 1.
1325 2264 1414 2298 229.

121 2314 356 2361 ingratitudo
365 2315 513 2362 judaica
522 2321 658 2355 nostrae
671 2318 955 2366 ingratitudinis
968 2319 1100 2356 umbra
1112 2319 1273 2357 tantum.
1289 2317 1439 2355 naas.

121 2368 227 2462 εἰοιίῑ
243 2370 417 2419 plerique
428 2376 449 2408 J
454 2373 549 2411 udaei
563 2374 716 2412 fuerunt
727 2375 866 2423 ingrati
879 2402 890 2421 ‚
911 2376 963 2413 ita
977 2380 1015 2413 et
1027 2375 1201 2425 plerique
1213 2373 1440 2412 Christiani.

172 2426 189 2465 l
219 2455 226 2463 .
249 2431 334 2466 235.
