1474 2658
1169 41 1192 59 x
1340 41 1376 66 <s
1409 43 1418 61 ,

132 79 134 82 ’
167 78 252 140 354
463 97 594 127 mnex
622 91 784 129 aarum
815 89 871 130 tn·
900 92 1174 134 venantem.

219 160 357 202 lorum,
370 156 649 205 Disciputorum
668 161 706 195 et
719 170 763 196 ex
775 158 979 197 horrendIs
992 157 1307 223 absurditatibus
1299 171 1343 205 ex
1355 158 1474 210 flliuss

219 213 429 261 negatione
455 213 712 260 sequentibus.
734 217 777 252 ΙΙ.
799 218 886 253 390
908 215 994 253 391.
1091 228 1095 230 ·

171 272 368 312 christus·
357 285 398 308 m
413 271 478 308 sua
492 274 768 312 resurrectione
787 275 907 312 factus
925 279 980 312 est
997 275 1175 324 spiritns,
1188 276 1266 317 vita
1283 279 1414 319 vivens
1429 285 1474 320 ab

222 331 399 368 omnihus
433 330 653 368 animalium
684 333 906 381 indigentiis
924 331 1226 385 independenfe,
1242 342 1282 376 et
1296 330 1396 378 hanc
1417 341 1474 379 vi-

135 425 138 431 2
212 395 289 427 tam
308 390 418 427 nobis
436 390 592 426 dabitin
615 393 904 431 resurrectione.
937 393 992 430 II.
1014 395 1098 437 415.
1122 399 1207 435 416.

164 451 248 485 Duo
266 448 368 483 modi
390 447 487 484 illud
502 447 732 494 explicandi.
751 449 806 487 Π.
829 455 914 489 416.

164 511 211 545 Ut
244 507 341 543 hanc
376 517 462 542 cum
495 506 642 542 Christo
673 508 976 547 conformitatem
1014 521 1234 560 corpoream
1270 514 1474 551 habeamus

214 565 440 613 aliquando,
481 575 584 602 nunc
614 565 717 602 illius
742 567 946 616 imaginem
971 575 1167 618 portemus
1200 570 1241 608 in
1259 570 1395 609 anima.
1415 570 1471 608 II.

215 627 300 660 422.

162 681 281 728 Hujus
299 679 355 716 rei
379 680 582 718 necessitas
601 681 649 717 ad
667 681 838 718 salutem.
856 681 912 720 II.
938 688 1023 722 423.

677 767 959 803 CHARACTER.

168 849 251 884 Duo
269 845 342 886 viri
365 845 487 883 fidelis
505 846 754 883 characteres.
770 851 814 883 V.
838 851 925 884 260.

665 940 973 973 CHRISTtANUS.

165 1021 256 1067 Quis
273 1021 359 1057 vere
377 1019 636 1061 Christianus?
654 1019 771 1066 Quam
788 1019 922 1068 pauci!
943 1019 976 1056 Ι.
1000 1023 1060 1056 50.
1091 1023 1130 1057 5¹
1143 1049 1151 1057 .

164 1078 364 1114 character
382 1076 562 1124 Baptismi
580 1077 661 1113 sine
678 1076 880 1112 Christiani
900 1072 1067 1112 moribus
1083 1074 1244 1112 inutilis.
1264 1079 1323 1113 51.

165 1135 251 1174 Imb
270 1135 422 1182 majoris
437 1135 690 1171 damnationis
702 1146 827 1172 causa.
849 1135 953 1171 Ibid.

168 1193 217 1231 In
235 1193 519 1230 christianismo
538 1193 727 1229 cavendus
747 1198 803 1229 est
821 1194 1049 1230 Judaismus.
1069 1190 1171 1241 Ibid.

170 1255 270 1287 Deus
289 1252 425 1299 spiritu
443 1256 480 1288 et
503 1251 661 1289 veritate
678 1252 874 1289 colendus.
899 1252 1000 1288 Ibid.
1042 1250 1136 1287 Vide
1155 1248 1292 1288 Cultus
1313 1247 1401 1286 Dei.

167 1307 425 1354 christianus,
448 1308 568 1356 quid?
593 1313 636 1345 V.
659 1312 745 1346 334.
770 1313 855 1346 336.

166 1367 371 1404 Christiani
390 1367 582 1403 nobilitas.
604 1368 635 1403 I.
662 1372 719 1404 15.

167 1423 371 1460 Christiani
397 1423 495 1459 finis.
515 1423 618 1460 Ibid.

164 1482 312 1530 Dupiex
331 1481 469 1518 homo
459 1493 499 1517 ln
517 1481 754 1525 Christiano,
775 1483 946 1516 terrenus
966 1484 1003 1516 et
1016 1479 1193 1516 coelestis.
1215 1479 1280 1515 IV.
1302 1481 1387 1515 366.

166 1540 369 1587 Utriusque
388 1539 567 1575 membra.
581 1539 682 1575 Ibid.

167 1602 216 1634 Ut
233 1598 334 1634 vivat
351 1597 532 1640 coelestis,
553 1607 705 1632 necesse
728 1598 783 1632 est
806 1598 849 1630 ut
867 1597 996 1641 pereat
1015 1598 1204 1630 terrenus.
1226 1590 1328 1627 Ibid.

167 1656 266 1692 Hinc
285 1655 587 1691 mortificationis
614 1653 829 1690 necessitas.
854 1658 938 1690 367.
961 1652 1055 1688 Vide
1074 1649 1346 1698 Mortificatio.

169 1712 375 1749 Christiani
395 1716 470 1749 tres
489 1712 757 1760 praerogativae.
774 1711 835 1748 IV.
854 1715 940 1747 369.
1151 1722 1155 1726 “

172 1770 376 1806 Christiani
395 1774 543 1806 terrena
562 1770 674 1806 debet
698 1779 876 1816 spernere
891 1796 900 1813 ‚
920 1765 1063 1816 quare?
1080 1766 1144 1803 IV.
1168 1771 1255 1804 363.

169 1827 345 1864 coelestia
363 1827 534 1874 diligere.
557 1827 650 1863 Ibid
673 1831 710 1862 et
726 1829 810 1863 375.
1019 1841 1021 1843 ·

170 1883 375 1921 Christiani
390 1883 465 1920 vita
484 1882 691 1931 spititualis
709 1883 868 1930 dupiex‚
885 1881 1014 1928 gratiae
1028 1884 1069 1916 et
1083 1879 1235 1927 gloriae.

169 1946 334 1989 Utraque
361 1953 462 1978 nunc
487 1939 638 1989 quidem
660 1939 882 1977 abscondita
912 1950 997 1975 cum
1027 1937 1196 1982 Christo,
1217 1941 1255 1974 at
1283 1936 1474 1985 apparebit

223 2000 438 2049 aliquando.
455 2005 514 2037 1V.
533 2004 615 2037 363.
649 2002 734 2036 374.
771 2008 773 2010 ·

173 2057 385 2104 Utriusque
396 2056 482 2093 vitae
507 2055 747 2092 excellentias
764 2053 979 2102 perpende,
1003 2056 1044 2089 ut
1067 2050 1152 2088 viva
1165 2049 1398 2088 schristiane.
1413 2051 1474 2089 IV.

229 2117 314 2151 363.
339 2118 423 2151 375.

171 2171 328 2215 Gratiae,
346 2181 412 2207 seu
429 2171 525 2207 bona
541 2170 677 2207 Chiisti
682 2170 762 2206 anis
776 2179 843 2216 per
861 2137 1051 2205 Christum
1068 2167 1219 2204 collata.
1233 2165 1298 2204 IV.
1314 2169 1403 2203 311.

171 2232 256 2264 Haec
274 2227 373 2264 hona
402 2228 471 2264 tibi
491 2230 625 2265 collata
648 2227 745 2265 serio
776 2227 969 2275 perpende
996 2229 1035 2263 et
1061 2229 1188 2274 gratus
1213 2233 1390 2274 agnosce.
1408 2223 1474 2261 IV

225 2287 310 2322 312.

174 2344 261 2381 Tria
281 2343 483 2380 Christiani
501 2343 676 2391 insignia.
698 2344 762 2381 IV.
784 2347 870 2381 304.

175 2401 411 2440 Christianus
430 2401 577 2438 Christo
595 2401 697 2439 vivat
715 2406 752 2437 ct
780 2401 975 2438 moriatur.
996 2399 1059 2437 IV.
1083 2402 1169 2437 208.

175 2459 346 2497 Christus
363 2462 489 2496 nostra
503 2485 513 2505 ‚
533 2463 574 2496 ut
592 2470 669 2495 non
687 2457 817 2504 nohis,
840 2457 906 2494 sed
921 2456 979 2494 illi
996 2455 1180 2502 vivamus,
1194 2453 1261 2491 1·v.
1280 2457 1364 2492 20⁸1.
