1430 2658
1365 0 1396 13 ⁴9*
1411 6 1414 14 i

84 56 165 117 144
445 62 658 107 emsrom
681 64 743 96 ΑΒ
758 57 980 106 nmmos
1030 80 1034 96 f

79 133 255 182 vincum,
283 129 360 169 imo
382 132 427 169 et.
447 125 571 181 legem
603 127 725 181 ipsam
746 103 947 181 abrogata
958 139 1053 175 esse
1068 119 1354 180 phimum
1369 152 1380 174 2

80 192 318 237 sacerdotem
337 190 547 233 secundum
566 191 742 234 ordinem
762 189 1065 234 Melchisedech.
1118 208 1124 235 ῑ
1354 224 1357 228 .

133 256 181 297 si
198 270 284 308 ergo
301 257 600 305 consummatio,
622 254 660 297 id
678 262 759 305 est,
781 254 985 311 perfectio,
1003 252 1236 308 justificatio.
1249 250 1382 302 homi-

78 335 171 362 num
204 333 290 361 cum
313 316 404 362 Deo
433 319 688 377 reconciliatio
713 327 822 370 erut,
847 319 888 362 id
913 318 1128 372 cst‚s1ebat
1145 331 1223 374 μιν,
1241 332 1382 368 sacor-

79 386 227 427 dotium
253 385 475 439 leviticum,
493 385 534 426 id
550 391 629 438 est,
656 401 724 442 per
751 385 930 428 sacrificia
958 391 995 427 et
1013 386 1106 427 ritus
1115 381 1288 432 Levitici
1308 397 1382 427 sa-

77 449 251 503 cerdotii.
1256 484 1260 490 ,

137 517 343 573 (Populus
357 534 418 559 en
421 534 459 559 m
476 519 580 559 sub'
563 532 644 571 'pso
657 516 775 571 legem
794 519 961 572 accepit,
979 516 1018 559 id
1031 522 1088 565 est
1098 497 1263 570 ‚ssmjtls
1275 516 1380 559 enim

76 584 278 626 sacerdotii
299 583 461 626 Levitici
484 589 656 637 tempore
679 582 839 638 populus
855 582 979 637 legem
996 582 1170 637 accepit.

135 649 227 693 Hoc
250 666 318 706 per
337 648 592 707 parenthesim
614 651 747 690 inserit
763 645 998 702 Apostolus,
1017 654 1058 690 ut
1086 647 1180 703 legis
1201 644 1384 695 Mosaieae
1418 699 1423 705 Ι

79 725 119 760 et
149 713 330 759 Aaronici
361 715 560 758 sacerdotii
592 716 874 756 connexionem
911 714 1081 766 indicet,
1113 720 1152 756 et
1186 728 1237 756 ex
1270 715 1383 756 unius

80 781 325 834 abrogatione
344 780 520 823 inferatur
540 787 577 822 et
594 779 744 820 alterius
761 779 967 832 abrogatio.

142 848 251 903 Quid
268 849 398 889 adhuc
417 844 799 894 necessarium,...,id
826 851 906 897 est,
932 843 1024 898 quid
1046 857 1206 886 necesse
1231 841 1327 895 suit,
1343 850 1387 884 ut

79 913 127 955 ad
146 913 323 956 homines
338 912 651 962 sanctificandos,
672 909 764 951 alius
779 924 883 951 novo
907 910 1042 952 ordine
1060 909 1237 952 sacerdos
1265 923 1388 951 exur-

79 986 203 1033 geret;
227 981 289 1034 qui
306 981 370 1020 sci
363 979 448 1019 'icet
469 978 656 1019 diceretur
675 982 712 1017 et
731 981 833 1017 esset
851 975 1062 1017 secundum
1080 975 1256 1017 ordinem
1274 972 1383 1016 Mel-

82 1043 313 1096 chisedech,
333 1050 369 1085 et
385 1058 462 1085 non
480 1042 686 1084 secundum
707 1040 879 1082 ordinem
896 1037 1058 1082 Aaron?
1192 1082 1197 1086 ,

138 1105 275 1149 Talem
300 1113 426 1149 autem
465 1105 702 1147 sae-cidotem
737 1104 902 1145 futurum
941 1110 1131 1147 noverant
1164 1111 1302 1151 omnes
1337 1116 1388 1146 ex

80 1170 181 1214 Psal.
206 1186 298 1228 109.
316 1186 429 1226 quem
445 1170 494 1212 de
516 1167 669 1211 Christo
698 1166 1116 1222 1nte11100bantJudae1
1135 1167 1389 1213 VideMauh.

79 1238 144 1281 23
164 1235 207 1283 ᾗ
228 1237 298 1288 43.

135 1301 270 1344 Potest
292 1306 556 1355 argumentum
579 1303 634 1342 sic
653 1302 691 1342 in
713 1298 874 1341 sormam
893 1298 1027 1354 redigi.

140 1366 182 1410 Si
204 1367 411 1422 perfectum
437 1366 566 1408 suisset
587 1365 618 1407 Ι
623 1368 685 1408 evi
709 1365 959 1409 sacerdotium
985 1372 1022 1406 et
1041 1364 1220 1407 homines
1243 1366 1391 1407 sancti-

86 1436 195 1477 ficare
217 1436 419 1490 potuisset,
442 1434 574 1475 frustra
587 1431 695 1474 Deus
710 1431 807 1472 aliud
825 1439 862 1472 et
875 1432 1085 1473 secuudum
1106 1432 1278 1474 ordinem
1293 1428 1395 1473 Met-

85 1497 290 1540 chisedech
323 1499 542 1539 instituisset
563 1511 573 1537 :
594 1498 693 1551 atqui
729 1494 861 1546 Deus,
890 1497 954 1550 qui
991 1495 1084 1536 nihil
1118 1494 1250 1536 frustra
1281 1493 1391 1546 facit,

83 1565 182 1607 aliud
207 1572 242 1606 et
263 1563 471 1606 secundum
496 1563 672 1603 ordinem
709 1559 998 1602 ittetchisedech
1029 1561 1186 1602 instituit
1207 1557 1395 1600 sacerdo-

87 1635 206 1680 tium;
231 1646 321 1684 ergo
338 1633 500 1686 primum
523 1629 755 1671 sanctificare
777 1642 856 1669 non
875 1633 1040 1683 poterat,
1064 1626 1228 1681 ideoque
1245 1616 1398 1681 perfec-

89 1704 169 1738 tum
188 1711 265 1737 non
289 1701 379 1736 erat.

148 1754 195 1803 ψ.
218 1777 282 1802 12.
307 1761 513 1801 Translate
533 1760 634 1799 enim
656 1758 910 1799 sacerdocio...

150 1824 228 1868 Alii
251 1832 380 1878 putant
404 1824 503 1865 hanc
521 1823 732 1878 particulam
751 1823 852 1862 enim
875 1834 958 1863 esse
983 1819 1166 1861 causalem
1181 1850 1194 1872 ,
1216 1827 1253 1861 et
1269 1822 1398 1874 respi-

97 1907 184 1934 cere
198 1892 314 1932 verba
331 1889 584 1946 praecedentia
596 1902 661 1945 per
675 1887 929 1941 parenthesim
946 1885 1065 1927 dicta:
1085 1884 1255 1938 Populus
1275 1887 1397 1934 em'm,

94 1951 140 2002 >ff-
172 1975 186 2000 1
203 1974 236 2000 1.

150 2022 227 2066 Atii
254 2029 384 2077 putant
404 2036 485 2065 carn
511 2021 614 2062 idem
644 2018 711 2060 hic
739 2018 948 2071 significare
969 2031 1010 2058 ac
1034 2023 1180 2067 aulem,
1199 2015 1262 2058 vel
1281 2016 1403 2070 atqui.

157 2085 296 2138 Quoad
321 2100 474 2127 sensum
499 2098 628 2138 parum
647 2080 784 2130 refert,
806 2095 855 2123 ex
879 2079 1076 2122 sacerdotii
1104 2080 1315 2120 mutatione
1334 2091 1404 2119 se·-

97 2155 221 2209 quitur
236 2152 329 2205 legis
352 2151 536 2198 mutatio,
557 2149 641 2203 quia
658 2141 855 2188 indixidua
876 2152 931 2186 est
954 2142 1348 2186 Aaronieisacerdotii
1368 2149 1407 2184 et:

96 2219 230 2272 legis!
219 2215 322 2259 Mos
323 2219 405 2258 tlcae
442 2213 643 2264 concordia
673 2228 682 2252 ε
713 2215 745 2254 si
772 2227 860 2266 ergo
898 2210 1184 2253 sacerdotium
1173 2224 1212 2251 ln
1242 2207 1407 2262 aliquem

94 2282 329 2326 Aaronicum
356 2281 422 2322 suit
446 2279 689 2330 translatum,
708 2292 867 2320 necesse
891 2284 948 2317 est
969 2283 1009 2317 ut
1031 2275 1094 2317 lex
1119 2276 1200 2329 ipsa
1223 2285 1308 2327 quae
1331 2271 1407 2314 hoc

73 2356 220 2399 ·vetat,
245 2354 408 2391 mutetur
437 2348 475 2390 in
511 2345 617 2387 aliam
649 2358 735 2399 quoe
761 2343 850 2385 huic.
873 2356 978 2385 novo
1003 2339 1216 2387 sacerdotio
1237 2339 1285 2380 sit
1311 2351 1408 2392 pro·-

99 2415 326 2471 portionata.

227 2599 237 2616 ἱ
