1430 2658
0 0 282 59 ww
291 27 485 89 Q
508 28 758 73 ιηόειτιυ.
786 27 888 85 Gap.
923 24 1029 76 ΧΠ.
1089 39 1097 41 *
1233 14 1323 91 ἕης

224 104 528 163 nmwus,
542 103 679 146 siheri
691 109 819 157 potest
830 136 844 154 ,
859 104 1026 158 habete;
1043 105 1199 152 studete
1220 122 1318 154 eor.-

22 222 46 230 .,
69 175 75 222 j
92 151 268 225 ῥιπὶἰεῑὶ,
286 168 381 215 sine
393 166 469 222 qua
489 181 610 210 nemo
631 165 757 209 Deum
782 168 944 212 videbit.
1131 180 1133 182 ·
1205 203 1208 206 Δ
1335 181 1346 188 ’

23 247 124 313 At
154 249 307 307 proprii
330 249 452 293 salute
485 248 613 292 vestra
636 264 717 291 non
750 253 944 302 contenti,
975 255 1172 295 communi
1192 254 1320 297 studio

4 316 90 376 jao
106 316 190 360 aliis
209 316 360 360 solliciti
381 321 508 358 estote
521 345 534 368 ,
554 314 803 357 >attendentes
830 329 880 357 ne
899 317 983 371 quis
1006 304 1236 362 vestram-in
1258 319 1322 363 via

5 383 199 427 &cidara
220 380 341 437 grati&
357 378 452 425 Dei.

66 448 268 492 caventes
287 449 404 489 etiam
430 460 482 488 ne
499 461 571 502 qua
587 445 696 487 radix
716 446 992 498 amaritudinis,
1012 447 1075 488 vel
1090 447 1195 491 falsae
1214 450 1321 492 doc-

4 517 142 566 trinae,
159 513 223 555 vel
240 515 349 568 pravi
366 512 559 566 exempli,
585 515 682 561 inter
700 526 771 553 vos
789 512 970 566 pullulans
989 519 1027 554 et
1045 528 1290 559 succrescens
1308 547 1319 566 ‚

6 582 124 624 vobis
148 578 197 621 ad
210 578 377 620 coelestia
398 578 636 620 currentibus
654 578 782 619 obstet
801 608 813 630 ,
833 585 870 619 et
887 577 994 619 latins
1024 593 1183 632 serpens
1196 612 1207 633 ,
1235 581 1323 635 plu·-

7 658 74 697 xes
88 643 183 686 alios
196 657 267 684 suo
286 642 429 685 inficiat
447 655 619 683 veneno.

69 706 137 752 Ne
155 710 239 763 quis
255 709 305 750 sit
318 709 421 765 inter
438 720 509 748 vos
525 712 733 754 scortator3
753 720 804 747 ne
820 707 905 761 quis
935 708 982 748 sit
990 706 1183 761 profanus
1194 740 1205 759 ‚
1225 708 1323 763 gulae

8 783 51 820 et
67 777 195 818 ventri
211 774 362 815 deditus
375 805 387 824 ,
406 781 447 814 ut
462 771 585 822 Esau,
605 775 667 828 qui
684 774 756 813 sibi
780 773 911 814 datum
929 777 951 814 ὲ
970 766 1321 830 Deoprimogeni-

8 839 310 884 turae-honorem
327 837 527 890 vendidit,
553 838 667 893 idque
685 853 753 891 pro
773 852 848 879 uno
869 838 934 878 vili
951 839 1091 881 edulio.

67 903 228 949 Etenim
247 905 468 946 meminisse
487 902 626 944 debitis
645 903 748 957 quod
771 911 901 958 postea
918 906 1098 958 cupiens,
1116 912 1157 947 ut
1171 906 1323 960 primo-

7 974 185 1030 genitus,
212 970 526 1013 benedictionem
557 973 579 1009 ὸ
608 977 712 1023 patre
735 970 1083 1022 iure-haereditario
1107 975 1320 1028 consequi,

9 1041 175 1092 rejectus
198 1044 284 1087 est,
313 1051 387 1078 nec
406 1038 483 1077 suis
504 1037 676 1090 lacrymis
704 1037 879 1077 obtinere
902 1039 1022 1090 potuit
1047 1038 1095 1078 ab
1118 1035 1223 1080 Isaac
1240 1070 1254 1092 ,
1282 1046 1325 1081 ut

10 1104 327 1147 benedictionem
348 1103 657 1156 primogeniturae
677 1098 826 1142 Jacobo
849 1102 975 1143 datam
994 1111 1207 1146 revocaret.

70 1166 196 1220 (Hoc
215 1167 342 1209 edocti
363 1166 544 1221 exemplo
559 1197 570 1217 ,
595 1166 725 1207 videte
747 1180 797 1207 ne
813 1197 825 1218 ,
854 1169 949 1208 sicut
971 1167 1030 1209 ille
1045 1198 1056 1219 ,
1077 1169 1135 1220 jus
1153 1176 1324 1212 vestrum

10 1235 64 1278 ad
79 1233 345 1276 haereditatem
365 1231 560 1274 coelestem
585 1231 759 1272 vendatis
778 1246 846 1285 pro
866 1232 1060 1285 putmento
1074 1264 1085 1284 ‚
1106 1248 1176 1287 pro
1193 1234 1326 1277 delec-

11 1301 160 1343 tatione
191 1305 255 1340 aut
273 1298 430 1339 utilitate
451 1296 678 1351 temporali:
700 1297 769 1338 sed
786 1328 797 1346 ‚
821 1301 845 1338 ὲ
869 1301 999 1338 contra
1016 1329 1028 1349 ‚
1047 1301 1208 1341 terrenis
1231 1314 1327 1342 om-

12 1366 128 1408 nibus
145 1364 304 1419 spretis,
333 1362 586 1414 omnimodae,
615 1368 655 1403 ut
676 1361 756 1402 dixi
779 1360 837 1415 Ῠ.
862 1361 937 1413 14,
960 1364 1222 1405 sanctimoniae
1238 1371 1328 1406 stu-

15 1431 149 1481 dete.)

74 1494 168 1550 Quo
183 1496 348 1537 sanctior
365 1499 423 1536 est
446 1501 570 1535 vestra
590 1492 794 1547 professio,
814 1496 862 1533 εὸ
881 1492 1084 1546 perfectior
1101 1508 1187 1536 esse
1208 1494 1328 1538 debet

13 1565 193 1605 sanctitas
212 1568 337 1609 ,vestra
355 1577 365 1600 ε
386 1575 467 1600 non
488 1562 611 1611 enirn,
634 1561 728 1600 sicut
750 1559 841 1599 oiim
861 1565 985 1613 patres
1004 1562 1139 1611 vestri,
1164 1561 1328 1615 pedibus

14 1631 228 1673 accessistis
245 1624 295 1669 ad
311 1633 484 1668 montem
504 1623 593 1666 Sina
609 1657 619 1675 ,
637 1628 700 1679 qui
720 1639 878 1677 corpore
898 1625 999 1678 tangi
1015 1631 1140 1677 potest
1155 1641 1166 1674 ;
1190 1640 1262 1668 nec
1277 1627 1328 1668 ad

16 1699 149 1751 ignem
166 1697 364 1737 incensum
385 1707 460 1747 quo
479 1690 679 1731 visibiliter
698 1689 854 1730 ardebat
872 1689 931 1729 ilie
948 1703 1075 1740 mons,
1092 1704 1167 1732 nec
1182 1691 1231 1732 ad
1249 1698 1328 1733 tur-

16 1764 170 1811 binem,
192 1766 230 1802 et
248 1758 463 1812 caliginem,
486 1763 522 1797 et
544 1756 745 1811 proceflarn
763 1768 848 1810 quae
871 1755 1047 1796 sensibus
1066 1757 1326 1810 percipieban-

18 1833 96 1868 tur.

75 1889 166 1934 Nec
183 1890 232 1932 ad
251 1890 353 1931 tubae
373 1903 509 1930 sonum
526 1919 536 1937 ,
555 1901 630 1929 nec
646 1886 694 1928 ad
711 1899 850 1926 vocem
871 1882 945 1939 qua
967 1882 1075 1926 Deus
1098 1900 1168 1939 per
1183 1884 1329 1943 Ange-

15 1958 99 2000 lum
127 1971 195 1998 sua
218 1961 405 2010 praecepta
431 1953 716 2009 proclamabat;
742 1953 846 2002 cujus
866 1957 991 1991 tantus
1018 1957 1097 1991 erat
1120 1950 1263 2005 fragor,
1286 1962 1328 1998 ut

19 2036 108 2064 eam
126 2020 324 2062 audientes
342 2018 604 2073 expavefacti,
627 2017 817 2070 deprecati
836 2016 911 2056 sint
933 2030 982 2056 ne
1001 2023 1175 2069 pergeret
1196 2019 1251 2058 eis
1270 2018 1332 2060 lo-

19 2090 88 2143 qui
109 2085 243 2135 Deus,
261 2084 331 2126 sed
346 2081 510 2137 Moyses
531 2086 611 2136 ipse
636 2082 851 2134 loqueretur
867 2080 935 2119 eis.
1273 2097 1277 2099 -

78 2149 146 2193 Ne
162 2148 311 2204 Moysis
331 2146 485 2202 quidem
505 2159 644 2186 vocem
661 2143 759 2185 serre
784 2147 959 2197 poterant
974 2141 1161 2184 dicentis:
1180 2141 1328 2190 Cavete

18 2232 74 2260 ne
92 2215 335 2258 ascendatis
326 2226 365 2254 1n
385 2217 584 2261 montem,
607 2216 697 2260 etc.,
716 2209 843 2249 omnis
861 2209 926 2261 qui
943 2209 1107 2261 tetigerit
1125 2216 1297 2253 montem
1310 2242 1325 2265 ,

20 2292 148 2328 morte
177 2285 384 2330 morietur,
422 2266 514 2329 etc.,
544 2279 627 2319 sive
660 2279 874 2329 jumentum
902 2273 1037 2324 fuerit,
1067 2277 1151 2317 sive
1179 2276 1323 2331 homo,

19 2348 154 2392 Exod.
181 2365 232 2405 19
248 2379 260 2400 ‚
282 2343 328 2396 ψ.
352 2358 427 2399 12,
459 2343 531 2397 13,
554 2349 592 2384 et
611 2342 811 2398 quomodo
834 2342 951 2395 ipsius
973 2339 1048 2383 Dei
1069 2355 1209 2384 vocem
1230 2343 1331 2388 ferre

17 2412 264 2470 potuissent?
567 2419 577 2429 “
