1474 2658
191 134 193 136 ι
375 90 508 122 musx
538 92 703 123 annum
733 93 788 124 ετ
819 93 1078 126 vannorum.
1291 83 1378 136 453

64 152 96 187 Δ
106 146 255 187 fortiori
269 160 349 186 non
366 148 489 187 deerit
505 150 588 188 viro
605 152 812 199 apostolico
827 157 866 190 et
884 157 1030 192 sancto.
1045 153 1122 194 IV.
1138 157 1225 194 434.

65 205 148 254 Quo
168 207 290 255 maior
306 206 427 255 gloria
443 207 493 244 ad
507 220 623 256 quam
648 209 733 255 quis
752 209 985 257 destinatur,
1006 210 1052 248 eo
1074 213 1195 262 major
1211 213 1271 250 illi
1292 223 1380 262 pas·

103 265 265 303 ‘sinuum
282 275 456 302 mensura
468 266 592 302 datur.
612 265 714 303 Ibid.

65 325 130 361 Est
144 317 249 361 in'ter
265 323 423 371 gloriam
444 327 483 360 et
499 323 693 373 passiones
710 323 858 361 relatio.
875 324 977 363 Ibid.

32 394 35 397 ·
65 379 283 418 Passionum
307 379 464 419 utilitas.
485 379 559 420 IV.
585 384 671 418 ⁴34.
695 384 780 418 436.

66 441 284 479 Passionum
300 441 613 492 necessitasslV.
638 444 722 479 ⁴:33.
746 445 832 479 436.

66 497 241 547 Dignitas
265 499 496 547 passionum.
527 498 602 538 IV.
626 502 712 539 256.

67 555 196 592 Gloria
210 556 440 603 passionum.
459 554 532 595 IV.
555 561 642 595 261.

66 615 172 650 Inter
191 612 381 651 Christum
399 618 438 651 et
456 613 710 651 Christianum
727 620 784 652 est
802 615 1020 664 passionum
1049 617 1281 655 communio.
1301 617 1378 657 lV.

119 674 209 708 256.

69 728 228 774 Quando
245 732 285 766 et
302 730 493 777 quomodo
506 729 573 766 fiat
591 729 672 767 haec
684 731 923 768 communio.
913 731 930 751 ²
942 732 1044 769 Ibid.

68 789 152 823 Duo
179 797 247 823 nos
266 787 316 823 ad
341 788 487 825 beatam
512 786 830 826 resurrectionem
847 801 915 827 seu
937 789 1213 828 beatitudinem
1230 793 1381 829 condu-

119 847 213 880 cunt
228 858 238 880 z
253 843 349 881 fides
366 844 452 882 viva
466 845 640 892 gloriosae
659 846 948 883 resurrectionis
965 851 1004 883 et
1027 847 1292 897 conformitas,
1313 860 1382 887 seu

102 901 335 939 ‘communio
354 902 570 950 passionum
587 904 741 941 Christi.
757 904 832 943 IV.
850 909 935 942 256.
962 911 1048 943 257.

70 952 164 998 Vera
181 960 231 998 de
241 961 481 1010 passionibus
497 963 595 999 idea.
615 963 690 1002 IV.
711 968 798 1000 262.

31 1041 35 1045 -
70 1020 140 1055 Pro
156 1016 234 1055 fide
250 1018 331 1067 pati
344 1048 354 1065 ‚
377 1024 522 1058 certum
540 1020 726 1057 indicium
745 1025 891 1058 aeternae
910 1021 1051 1069 gloriae.
1066 1022 1121 1063 V.
1143 1027 1180 1060 8.

72 1074 143 1122 Qui
162 1085 233 1122 pro
251 1074 326 1112 fide
346 1077 488 1124 patitur
515 1079 645 1114 eadem
665 1090 749 1125 quae
768 1079 867 1125 passi
884 1084 973 1116 sunt
990 1080 1178 1128 apostoli,
1210 1081 1382 1119 eamdem

120 1141 207 1167 cum
220 1132 398 1180 apostolis
411 1133 565 1170 habebit
581 1134 752 1180 gloriam.
768 1133 821 1171 V.
844 1138 880 1170 9.

70 1186 160 1224 Hira
178 1188 249 1225 Dei
262 1189 468 1226 voluntas·
457 1203 498 1228 ιιι
517 1202 616 1228 suos.
641 1190 716 1231 IV.
740 1193 825 1228 417.

71 1245 178 1282 Vult
177 1256 242 1282 eos
249 1243 354 1295 pati.
373 1247 475 1285 thid.

70 1301 262 1340 Passiones
279 1302 433 1339 fuerunt
449 1305 704 1352 apostolorum
725 1304 868 1351 gloria3
890 1309 1000 1341 erunt
1017 1308 1055 1342 et
1071 1279 1222 1351 nostra,
1244 1305 1276 1342 si
1294 1316 1380 1343 cre-

122 1357 255 1394 damus
275 1359 391 1395 verbo
413 1360 494 1396 Dei.
520 1359 638 1398 IV.-

71 1416 263 1453 Passiones
281 1420 370 1452 sunt
381 1415 557 1463 stigmata
575 1421 613 1454 et
630 1417 794 1464 insignia
812 1417 950 1454 Christi
963 1431 974 1462 3
989 1422 1079 1454 sunt
1097 1422 1226 1455 nostra
1243 1419 1378 1467 gloria.

123 1473 137 1509 1
186 1502 196 1512 .
275 1502 285 1512 .
367 1502 376 1510 .

70 1535 108 1569 S.
127 1474 268 1568 gagg
278 1475 422 1579 pa8titur
439 1531 619 1577 gaudem,
636 1532 724 1578 quia
745 1533 828 1568 vice
847 1537 884 1569 et
902 1535 985 1569 loco
1003 1533 1142 1570 Christi
1154 1533 1299 1581 patitur
1312 1561 1323 1578 ,
1344 1539 1384 1571 et

121 1584 210 1636 quia
224 1599 307 1635 *pro
326 1587 512 1631 Ecclesia,
542 1589 701 1634 mystico
730 1589 870 1626 Christi
898 1600 1079 1638 corpore,
1109 1590 1267 1639 patitur.
1300 1590 1378 1631 IV.

123 1648 212 1681 321.
232 1647 319 1680 322.

71 1704 185 1740 Nobis
201 1702 344 1752 pariter
360 1703 601 1751 gaudendum
620 1704 660 1740 in
677 1706 936 1757 passionibus3
955 1705 1101 1753 quare?
1118 1705 1193 1746 IV.
1215 1711 1302 1744 322.

69 1763 193 1800 Passio
212 1767 250 1800 et
266 1774 366 1799 mors
384 1763 466 1810 ipsa
482 1763 695 1800 Christiano
713 1765 899 1801 amabilis.
917 1762 992 1802 Vl.
1014 1768 1075 1801 382
1098 1767 1160 1801 ⁴2.

71 1820 242 1857 Christus
268 1832 397 1868 passus
417 1820 472 1857 est
498 1822 546 1857 ad
573 1825 740 1857 nostram
769 1821 1065 1859 consolationem
1090 1825 1128 1859 et
1154 1822 1379 1860 doctrinam.

70 1875 169 1980 qul
186 1881 297 1970 ggbis
311 1933 350 1970 in
365 1935 602 1982 passionibus
621 1935 840 1972 constitutis
856 1935 1072 1971 faciendum
1087 1934 1104 1970 ?
1121 1933 1174 1974 V.
1197 1940 1259 1973 97.

70 1990 304 2037 Aspiciamus
325 1990 366 2026 in
383 1996 510 2028 Jesum
528 1992 748 2029 crucifixum
762 2021 771 2037 ,
791 1997 835 2028 ut·
847 1994 1088 2030 consolemur
1099 2020 1110 2038 ,
1130 1997 1173 2030 ut
1190 2004 1276 2032 eum
1292 1994 1383 2032 imi-

119 2052 257 2085 temur.
278 2047 352 2087 VI.
375 2053 436 2086 96.
459 2056 520 2088 97.

463 2136 616 2168 PASSIO
641 2137 661 2168 J
665 2136 748 2169 ESU
773 2136 961 2171 CHRISTI.

71 2218 142 2249 Lac
155 2213 369 2251 christianae
383 2214 534 2263 pietatis
549 2220 605 2252 est
618 2216 771 2263 sanguis
783 2220 873 2252 Jesu
883 2215 1020 2252 Christi
1033 2227 1131 2266 ,pro
1141 2219 1251 2256 nobis
1264 2222 1381 2268 passi.

119 2269 338 2308 11.41.55.

70 2332 149 2366 Hoc
167 2329 265 2365 lacte
284 2329 473 2366 nutriatur
491 2329 615 2367 anima
632 2330 836 2367 christiana
861 2342 929 2380 per
951 2331 1137 2369 assiduam
1163 2334 1382 2374 meditatio·

119 2397 221 2423 nem.
242 2386 344 2423 Ibid.

69 2447 147 2483 Hoc
165 2445 336 2483 divinum
352 2446 412 2483 lac
431 2446 598 2485 omnium
617 2445 796 2485 vitiorum
811 2447 963 2487 ardores
981 2449 1188 2499 extinguit,
1209 2451 1380 2488 omnium
