1474 2658
124 73 207 131 372
354 62 359 67 ⁴
429 82 562 117 mnu
590 85 741 117 nanum
771 86 827 117 Er
854 86 1122 122 munuum
1169 107 1175 111 ›

709 157 842 191 caux.

124 231 268 281 Religio
283 232 489 273 christiana
506 261 516 280 ,
533 234 574 271 in
588 245 700 271 cruce
716 234 869 272 fundata
883 264 894 283 ,
910 247 1023 273 cruce
1039 231 1343 287 multiplicanda.
1354 225 1431 286 IV,

176 294 243 329 417
252 318 261 326 .

123 351 230 386 salus
247 354 372 387 nostra
391 331 460 399 peer
478 362 627 388 crucem
648 355 685 387 et
706 350 897 399 passiones
916 355 1225 393 consummanda.
1243 354 1340 393 ibid.

123 410 221 445 Crux
243 410 281 444 et
297 408 513 446 humiliatio
526 408 566 444 in
585 409 792 446 ministerio
810 411 1023 458 quaerenda.
1047 410 1147 448 Ibid.

596 488 765 522 SIGNUM
791 490 960 523 CRUCIS.

121 561 189 595 Per
217 558 366 606 signum
394 559 516 596 crucis
532 559 854 599 benedicebantur
887 561 984 610 cibi,
1007 565 1238 611 temporeD.
1252 561 1419 613 Chryso-

169 618 294 655 stomi.
309 617 360 657 V.
383 621 464 657 158.

573 685 801 718 STULTITIA
819 685 992 721 CRUCIS.

122 764 229 810 Quod
244 764 402 800 stultum
423 764 465 799 in
494 764 701 811 crucifixo,
722 765 825 802 omni
855 765 1041 814 sapientia
1058 766 1265 816 sapientius
1278 769 1351 805 est.
1375 764 1430 804 Π.

171 825 233 860 27.
255 824 317 858 28.
338 818 444 861 Vide
467 820 701 869 Crucifixus.

594 897 753 951 CRUols
770 896 964 935 VERBUM.

117 969 256 1008 Salutis
271 970 332 1007 via
347 974 488 1008 mutata
503 971 574 1008 suit
591 983 660 1021 per
673 976 831 1021 peccata
843 973 1059 1010 homssnum.

117 1035 216 1069 Deus
240 1036 408 1076 creator,
437 1043 505 1080 per
523 1032 747 1080 sapientiam
765 1045 870 1083 suam
888 1032 928 1068 in
949 1032 1079 1070 mundi
1099 1029 1255 1081 opificio
1275 1032 1434 1072 elucen-

165 1094 263 1136 tem,
294 1091 467 1129 homines
491 1092 612 1129 voluit
642 1093 690 1129 ad
716 1092 773 1129 sui
796 1093 1078 1141 cognitionem,
1094 1091 1382 1130 admirationem
1395 1095 1435 1131 et

165 1161 329 1187 amorem
346 1162 478 1200 rapere
501 1167 508 1187 :
526 1151 600 1189 hoc
618 1151 780 1189 feliciter
795 1164 870 1190 non
885 1151 997 1189 cessit
1013 1169 1022 1188 ·.
1037 1152 1124 1190 ideo
1137 1162 1206 1203 per
1224 1151 1426 1190 nutatim

166 1211 290 1248 crucis
304 1211 472 1250 decrevit
489 1214 633 1252 salvare
644 1213 853 1251 credentes.
869 1212 925 1251 ΙΙ.
949 1217 1011 1251 26.
1033 1218 1094 1251 27.
1308 1207 1310 1209 ’

615 1300 748 1334 CRUX.
769 1300 937 1334 PASSIO.

117 1371 205 1409 Sine
223 1372 346 1409 crucis
365 1374 659 1422 participatione
679 1387 755 1412 non
776 1379 831 1412 est
852 1375 983 1423 g'oriae
1003 1370 1266 1423 participatio.
1284 1370 1319 1409 1.
1345 1374 1431 1410 194.

118 1432 166 1466 Ut
195 1428 312 1466 simus
330 1430 544 1468 cohaeredes
561 1431 699 1466 Christi
711 1432 924 1476 ‚debemus
944 1442 1030 1467 cum
1043 1428 1194 1467 Christo
1212 1426 1308 1476 pati.
1328 1427 1431 1464 Ibid.

120 1489 200 1522 Non
219 1490 274 1522 est
290 1486 486 1535 proportio
504 1487 722 1536 passionum
745 1491 957 1524 nostraxum
979 1487 1026 1523 ad
1045 1491 1223 1524 aeternam
1248 1484 1422 1532 gloriam.

171 1544 205 1582 I.
229 1548 312 1582 194.
338 1549 420 1582 195

116 1601 281 1639 Crucem
309 1613 377 1639 suo
397 1606 585 1640 contactu
603 1602 776 1640 Christus
804 1600 1062 1646 consecravit,
1085 1603 1123 1638 et
1151 1598 1432 1648 quodammodo

124 1687 127 1689 μ
167 1658 384 1702 deificavit;
404 1659 496 1695 hinc
515 1671 664 1696 crucem
683 1661 894 1696 admamus.

115 1713 285 1759 Cruces,
307 1726 372 1751 seu
390 1717 580 1762 passiones
599 1721 636 1752 et
654 1718 802 1753 dolores
824 1717 864 1752 in
881 1718 946 1753 sua
961 1714 1124 1764 person&
1140 1711 1376 1755 consecravit
1392 1715 1432 1750 et

167 1771 358 1809 deificavit
382 1771 554 1808 Chiistus
571 1774 740 1819 patiens3
764 1773 839 1809 imo
875 1773 1051 1810 crucibus
1069 1770 1176 1808 dedit
1193 1769 1270 1808 vim
1287 1779 1428 1807 conse-

167 1828 321 1872 orandi,
341 1828 623 1872 sanctificandi,
643 1829 859 1866 deificandi.

116 1883 214 1922 Hinc
242 1895 373 1921 cruces
393 1884 641 1929 aestimandae,
669 1887 857 1931 amandae,
886 1884 1155 1922 desiderandae.
1178 1882 1252 1920 111.
1280 1887 1338 1920 13.
1363 1886 1426 1921 14.

166 1939 260 1976 vide
278 1939 454 1987 Affliclio
466 1967 476 1985 ,
495 1940 715 1977 Passiones.

115 1997 166 2030 Ex
179 2005 254 2041 quo
274 1994 388 2031 Filius
404 1995 473 2033 Dei
494 2007 623 2043 passus
639 2000 718 2040 est3
739 1995 991 2032 honorificum
1008 2023 1017 2041 ,
1037 1997 1163 2032 laetum
1181 2021 1191 2040 ,
1211 1994 1352 2039 bonum
1370 1996 1430 2030 est

166 2051 259 2098 pati.
276 2051 358 2094 ΙῘ,.
381 2056 439 2090 13.

118 2108 214 2145 Hinc
229 2101 338 2146 Deus‘
349 2108 475 2148 rariiis'
494 2115 643 2148 sanctos
662 2113 682 2148 ἐι
701 2112 808 2149 maiis
827 2113 962 2150 liberat
981 2123 1083 2149 nunc
1096 2139 1107 2158 ,
1128 2111 1241 2159 quam
1259 2110 1299 2146 in
1312 2108 1433 2147 veteri

176 2170 427 2205 Testamento.
447 2168 526 2206 ΙΙΙ.
555 2174 611 2206 11.

560 2286 566 2291 ,
633 2247 708 2279 Dm
730 2246 912 2280 CULTUS.

117 2324 231 2367 Deus,
248 2321 314 2368 qui
329 2321 481 2369 spiritus
499 2326 568 2366 est,
583 2323 759 2369 spiritum
778 2321 970 2371 operantis
989 2318 1171 2369 primario
1191 2316 1367 2366 respicit,
1387 2314 1435 2352 fi-

169 2377 256 2415 dem
274 2376 442 2422 scilicet,
462 2377 652 2422 affectum,
674 2378 925 2414 intentionem
940 2403 950 2422 ,
974 2380 1048 2413 etc.
1068 2375 1103 2412 I.
1132 2379 1194 2412 87.
1244 2380 1252 2386 ⁴

113 2436 247 2486 Itaque
260 2439 349 2487 ante
368 2435 500 2484 omnia.
510 2437 717 2473 curandum
731 2437 778 2473 de
791 2436 928 2485 spiritu
949 2438 986 2473 ct
1005 2433 1233 2472 intentione.
1250 2429 1354 2467 lbid.
