1474 2658
0 19 15 54 ,ὲ

65 14 67 17 .
100 16 134 37 ιχ(
222 21 236 40 ,Ι

38 36 57 63 (ἶ
115 39 169 49 μ..
189 44 195 52 ,
226 44 229 45 .

103 70 125 93 ῑ”’
142 59 205 105 εἷλ’
389 81 525 113 muex
560 81 722 114 aeuum
752 82 807 112 ΕΤ
838 83 1096 116 vsnsonuu.
1311 72 1394 131 391

69 121 250 184 mun
267 118 439 190 episcopi
455 152 619 187 munus,
639 143 774 179 oratio.
795 143 944 190 Quare?
966 143 1015 183 V.
1036 149 1098 183 97.

0 191 29 237 ’.
81 199 303 239 eradicatio
318 199 552 249 praecipuum
570 199 747 248 Episcopi
766 211 917 236 munus.
935 200 989 239 V.
1012 206 1097 240 ⁴287.

72 251 250 304 ‘Qu-tuor
266 258 496 307 episcopalis
514 257 629 295 officii
647 262 786 306 partes,
805 256 859 295 V.
882 262 966 294 293.
984 263 1069 297 294.

79 315 266 361 Medicum
285 327 325 353 se
343 316 585 363 recordetur,
605 315 857 362 omnibusque
875 318 1002 350 utatur
1026 316 1222 363 remediis;
1245 316 1396 355 lenibus

120 375 258 412 samen
276 373 376 409 acria
390 384 539 422 semper
553 376 750 420 temperet.
772 371 824 410 V.
848 375 934 408 294.

11 460 21 466 .
84 429 170 480 Ipsi
186 430 264 466 duo
288 431 497 467 necessaria
513 446 522 467 :
543 431 759 467 omnimoda
777 429 947 466 doctrina
966 434 1004 466 et
1019 431 1214 478 patientia.
1233 431 1287 470 V.
1307 436 1395 471 294.

78 492 168 526 Tres
177 489 337 527 virtutes
348 489 600 538 episcopales,
620 488 820 536 fortitudo,
836 488 1012 535 charitas,
1029 489 1222 527 sobrietas.
1237 490 1290 532 V.
1306 495 1393 529 229.

118 549 217 583 1230.

49 595 58 598 ³
78 607 217 641 narum
235 604 419 641 virtutum
436 615 538 641 usus.
559 603 612 642 V.
631 607 719 641 231.

77 661 136 697 Ad
152 660 257 699 hunc
270 662 485 699 excitantia.
506 663 607 700 Ibid.

77 721 289 769 Episcopus
302 722 416 763 debet
434 733 513 758 esse
534 725 707 766 sanctus,

77 777 173 823 Quia
191 776 334 814 Christi
353 781 646 826 repraesentator
657 804 668 822 ‚

77 831 173 878 Quia
187 844 326 869 munus
343 833 448 869 iilius
466 838 521 869 est
535 834 629 869 alios
641 833 844 880 corrigere.

75 888 267 927 Indecens
282 895 407 937 autem
427 894 483 926 est
502 895 544 926 ut
563 891 811 938 reprehensor
829 891 878 926 sit
899 889 1223 938 reprehensibilis
1238 887 1292 926 V.
1309 893 1392 926 129.

76 951 194 994 Quem
212 950 260 986 ab
283 949 506 998 episcopatu
523 950 736 996 appetendo
756 961 834 985 nou
854 950 1038 986 deterruit
1065 961 1160 985 onus
1178 948 1393 994 ministerii,

125 1005 315 1044 deterrere
333 1007 446 1043 debet
460 998 638 1042 sauctitas
657 1007 695 1042 in
715 1007 889 1043 ministro
909 1005 1106 1054 requisita.
1125 1005 1227 1042 Ibid.

74 1063 157 1108 Quo
176 1073 288 1099 sensu
305 1063 399 1099 dixit
417 1064 618 1112 Apostolus
639 1063 859 1112 episcopum
883 1062 997 1099 unius
1011 1063 1138 1109 uxoris
1164 1061 1315 1099 virum?
1334 1061 1390 1102 V.

72 1129 83 1133 ”
131 1124 216 1157 130.
241 1125 325 1158 131.

73 1179 313 1227 Rejiciuntur
329 1180 412 1217 falsi
431 1191 572 1217 sensus.
593 1179 646 1218 V.
668 1184 749 1217 130.

75 1238 195 1273 Verus
212 1237 403 1275 statuitur.
426 1237 478 1276 V.
510 1242 591 1276 131.
870 1283 873 1284 ⁷

73 1299 222 1342 Quanta
242 1296 282 1332 in
303 1297 484 1346 episcopo
505 1296 703 1345 vigilantia
721 1295 959 1343 requiratur!
980 1294 1032 1338 V.
1058 1299 1142 1332 133.

72 1357 220 1399 Quanta
239 1356 467 1403 prudentia!
489 1355 543 1393 V.
567 1350 650 1392 134.

73 1411 242 1448 Virtutes
272 1414 320 1448 ad
341 1414 534 1461 propriam
555 1412 725 1462 episcopi
745 1424 944 1461 personam
964 1414 1190 1461 spectantes.
1214 1410 1268 1451 V.
1302 1414 1387 1448 133,

125 1470 211 1505 134.
237 1471 428 1506 135.136.

69 1523 239 1560 Virtutes
255 1525 432 1572 Episcopi
457 1525 504 1561 ad
523 1525 615 1560 alios
635 1528 860 1572 spectantes.
881 1522 935 1561 V.
963 1526 1046 1560 134.
1071 1526 1154 1559 135.
1181 1526 1263 1559 136.
1367 1507 1373 1521 ¹

68 1580 149 1617 Cur
165 1581 207 1617 in
227 1582 406 1629 episcopo
429 1585 475 1618 D.
495 1583 629 1617 Paulus
651 1581 870 1617 sublimiora
887 1591 965 1616 non
984 1579 1213 1627 requisierit.
1236 1578 1285 1619 V.
1305 1582 1390 1616 135.

68 1637 272 1674 Probrosus
290 1650 367 1674 non
382 1638 447 1674 fiat
467 1639 679 1686 episcopus
701 1638 754 1676 V.
779 1642 861 1675 135.

51 1697 295 1744 'Apostolicae
309 1698 488 1745 Episcopi
500 1699 714 1745 qualitates.
730 1695 804 1734 IV.
822 1700 908 1734 237.

71 1754 248 1803 Episcopi
261 1759 349 1790 sunt
369 1754 573 1799 oecouomi,
595 1755 892 1803 dispensatores,
912 1756 950 1789 et
968 1751 1106 1788 arcarii
1128 1751 1390 1800 thesaurorum

117 1812 270 1849 familiae
286 1813 370 1850 Dei.
390 1813 445 1849 ΙΙ.
472 1818 532 1850 90.
758 1809 761 1811 ’

460 1898 718 1939 EPlSCOPUS,
747 1897 1011 1931 PRESBYTER.

67 1977 276 2026 Episcopus
293 1982 331 2015 et
348 1979 545 2027 presbyter
563 1979 672 2015 initio
691 1978 867 2014 Ecclesiae
883 1976 1036 2013 nomina
1051 1975 1203 2012 fuerunt
1217 1986 1387 2012 commu-

117 2039 181 2072 nia
200 2037 374 2072 omnibus
393 2038 549 2072 omnino
569 2037 843 2073 sacerdotibus.
863 2034 938 2073 lV.
961 2039 1044 2071 197.

67 2097 251 2131 successu
267 2095 449 2143 temporis
464 2094 608 2142 primus
620 2095 718 2130 inter
731 2092 943 2129 sacerdotes
956 2092 1080 2128 dictus
1092 2094 1148 2127 est
1164 2090 1381 2139 episcopus.

114 2151 216 2187 Ibid.

62 2209 282 2246 Sacerdotes
299 2210 475 2246 uxoratia
490 2210 667 2257 conjugio
680 2220 826 2257 semper
835 2207 1171 2251 abstinueruntv.
1187 2211 1271 2246 132.
1292 2211 1376 2245 133.

62 2265 161 2305 Cum
175 2268 311 2305 Graecis
329 2268 519 2306 indultum
532 2296 542 2315 ,
559 2269 624 2305 ubi
643 2273 680 2306 et
697 2270 848 2319 quando
864 2269 995 2307 ?Ibid.

563 2358 874 2392 EPISCOPATUS.

63 2435 162 2485 Quid
174 2437 414 2486 episcopatus
431 2439 577 2477 ratione
593 2437 787 2476 nominis?
