1430 2658
0 0 68 42 w,
230 13 235 20 Ι
360 56 550 106 1143qu
578 55 824 101 annosum.
854 39 956 99 Cap.
984 41 1038 87 X.
1199 43 1206 52 '
1271 60 1358 103 ²4³ss

43 115 256 236 We
270 119 429 177 adjicitg
451 112 563 181 >Ecce
587 118 721 162 adsum
737 149 748 171 ,
785 116 808 160 ὃ
834 110 967 161 Deus!
995 124 1038 161 ut
1055 117 1195 170 faciam
1217 118 1356 163 volun-

63 195 83 243 ſj
101 193 165 230 em
183 193 299 229 tuam.

42 265 181 327 -Βῳις
191 269 318 326 prima
345 267 465 314 ,verba
482 265 639 322 abrogat
658 272 790 309 vetera
810 266 1013 315 sacrificia;
1039 281 1109 322 per
1127 270 1357 323 posteriora,

47 345 158 374 suurn
180 333 221 374 in
241 331 388 374 illorum
412 331 539 378 locum
557 331 764 377 substituit.
1371 372 1378 377 ‚

102 393 184 452 Per
197 411 310 453 quam
322 395 399 438 Dei
418 396 669 444 voluntatem,
683 396 742 436 cui
763 393 948 436 saciendae
968 410 1052 437 sese
1069 396 1202 438 obtulit
1223 395 1360 440 Chris-

49 472 137 518 tus,
161 471 199 508 et
220 481 334 521 quam
357 468 491 508 rever&
522 466 692 506 moriens
711 463 960 518 adimplevit,
984 465 1205 506 sanctificati
1229 481 1360 509 sumus

50 543 124 585 per
155 533 305 573 unicam
334 530 568 572 oblationem
599 536 795 571 cruentam
829 526 1014 585 Corporis
1049 527 1211 572 Domini
1241 535 1361 574 nostri

46 592 150 641 Jesu
166 591 311 638 Christi
327 596 368 637 in
385 591 510 637 Cruce
535 601 739 649 peractam.
778 630 782 633 .

105 657 219 719 min
235 676 311 719 hoc
329 674 473 720 Christi
492 678 718 719 sacrificium
736 675 849 719 valde
867 676 990 718 differt
1006 709 1018 730 ‚
1031 692 1119 724 *non
1139 681 1282 721 tanturn
1312 681 1362 723 ab

49 757 198 809 annuo,
218 743 288 786 sed
303 751 341 786 et
361 747 383 785 a
401 745 493 799 jugi,
515 758 582 786 seu
606 743 829 797 quotidiano
844 743 1054 792 sacrificio;
1078 748 1205 786 omnis
1223 748 1365 802 quippe

18 833 21 835 >
49 808 227 859 sacerdos
245 816 342 851 astat
361 817 399 854 et
421 811 609 851 ministrat
629 809 822 864 quotidie,
855 823 965 850 suum
981 810 1230 853 ministerium
1251 826 1368 867 repe·

49 875 390 934 tensffieteasdem
416 890 519 931 saepe
541 875 709 918 offerens
738 875 882 918 hostias
898 907 909 926 ‚
939 876 1010 918 sed
1030 877 1231 920 abluendis
1264 893 1366 933 pec-

51 940 142 980 catis
161 953 314 994 semper
334 939 546 991 invalidas,
571 942 819 995 quantumvis
844 939 1104 995 multiplicatas
1122 957 1132 983 :

108 1017 282 1062 Christus
304 1028 431 1063 autem
456 1020 567 1062 unicz‘i
585 1021 705 1062 semel
735 1019 868 1062 oblata
896 1035 964 1076 pro
995 1022 1162 1076 peccatis
1192 1024 1370 1064 omnium

51 1083 192 1134 hostis,
210 1086 284 1137 jam
297 1084 480 1140 gloriosus
496 1091 535 1126 et
554 1087 704 1139 quietus
719 1085 829 1126 sedet
846 1087 885 1132 in
900 1093 1086 1127 aeternum
1099 1085 1147 1126 ad
1163 1085 1364 1128 dexteram

53 1147 130 1194 Db}
155 1181 168 1202 ‚
1370 1202 1376 1208 .

110 1231 158 1275 In
169 1231 228 1274 ills
242 1231 339 1275 felici
349 1235 521 1275 sessione
538 1239 766 1287 exspectans
783 1239 826 1275 ut
841 1233 902 1275 fiat
922 1232 1024 1289 quod
1042 1235 1080 1275 in
1096 1231 1255 1276 Psalmo
1268 1249 1370 1289 prae—

55 1298 198 1348 dicunn
217 1305 296 1349 est,
321 1299 500 1340 nimirum
522 1297 640 1352 qubd,
663 1298 794 1340 divina
816 1300 972 1350 virtute,
994 1299 1137 1339 inimici
1156 1298 1252 1340 illius
1268 1299 1363 1342 fiant

54 1364 258 1407 scabeilum
277 1365 419 1420 pedum
437 1367 532 1418 eius.

109 1429 243 1480 Sedet,
267 1431 436 1486 inquam,
460 1432 633 1485 quietus,
656 1444 849 1486 nunquam
872 1428 1032 1482 amplius
1054 1427 1131 1469 hoc
1149 1430 1266 1471 modo
1286 1433 1368 1472 mi‘

54 1493 279 1550 nist'raturus
293 1525 307 1547 ‚
347 1497 435 1551 quia
464 1494 539 1537 haic
578 1495 689 1537 unica
729 1494 882 1536 cruenta
916 1494 974 1535 sui
1014 1495 1131 1547 ipsius
1172 1494 1367 1537 oblatione

56 1565 337 1621 consummavit
351 1566 549 1607 sanctitate
569 1570 606 1604 et
623 1563 764 1616 justitia
785 1577 851 1604 eos
877 1575 1011 1602 ornnes
1030 1563 1091 1615 qui
1111 1563 1150 1602 in
1177 1577 1369 1616 quocum—e

57 1644 133 1685 que
154 1622 329 1682 tempore
347 1628 648 1679 sanctificantur,
673 1634 736 1668 aut
752 1633 839 1668 sunt
862 1624 1133 1666 sanctificandi.

116 1690 237 1746 Quod
258 1685 385 1733 autem
415 1692 528 1733 vobis
551 1691 661 1742 dico,
686 1690 763 1731 hoc
791 1692 913 1744 ipsum
941 1686 1102 1744 Spiritus
1121 1697 1271 1732 sanctus
1298 1706 1370 1733 sno

58 1758 258 1801 confirmat
289 1760 539 1800 testimonio:
573 1764 776 1814 postquam
807 1759 937 1807 enim,
964 1756 1050 1798 loco
1083 1753 1270 1799 Jeremiae
1307 1757 1359 1800 31

53 1824 134 1877 jam
165 1827 304 1874 citato,
340 1825 464 1867 dixit:

117 1896 210 1943 Hoc
238 1908 301 1955 est
313 1898 606 1954 Testamentum
630 1898 733 1953 quod
755 1900 920 1953 paciscar
953 1911 1039 1950 erga
1063 1896 1144 1937 illos
1170 1902 1255 1951 post
1281 1897 1364 1938 dies

57 1969 161 2018 illos,
183 1969 276 2012 dicit
298 1967 488 2010 Dominus
511 1984 520 2008 :
542 1965 679 2008 Indam
695 1967 798 2020 leges
816 1979 922 2006 meas
940 1965 979 2005 in
1001 1963 1180 2005 cordibus
1203 1978 1335 2005 eorum
1352 1994 1366 2015 ‚

59 2038 99 2074 et
117 2032 196 2074 illas
214 2031 419 2074 inscribam
434 2033 474 2073 in
492 2031 683 2073 mentibus
703 2044 835 2071 eorum
855 2046 864 2076 ς
900 2085 915 2089 ἢ

116 2193 206 2239 Nec
221 2194 381 2251 amplius
404 2195 635 2237 recordabor
652 2201 918 2249 peccatorum,
941 2190 1003 2235 aut
1019 2193 1257 2246 iniquitatum
1277 2191 1367 2232 illo-

60 2275 172 2310 rum-3
195 2264 341 2302 tanturn
359 2260 482 2303 aberit
503 2268 542 2302 ut
562 2260 620 2302 illa
640 2263 777 2316 punire
801 2259 918 2301 velim
937 2273 947 2300 ε
969 2259 1069 2301 unde
1090 2257 1278 2300 concludo
1295 2273 1308 2298 ε

117 2340 330 2399 Ϊζοείφιεῐη
359 2348 514 2397 peccata
537 2345 631 2383 vere
657 2342 814 2383 remissa
840 2346 929 2382 sunt
957 2346 995 2382 et
1016 2339 1155 2389 oblita,
1185 2340 1261 2392 jam
1285 2350 1371 2379 non

59 2420 157 2464 opus
178 2414 235 2450 est
253 2407 357 2450 nova
375 2406 513 2450 iisdem
536 2408 702 2462 peccatis
722 2405 920 2450 abolendis
945 2405 1154 2449 oblatione.

235 2476 301 2511 vr.
1123 2479 1166 2523 9.
