1430 2658
1044 58 1051 76 N

62 85 145 119 200
315 66 317 69 ’
420 123 424 126 γ
460 83 683 115 msa-om
711 85 785 115 Au
799 85 1008 118 mammos

65 143 231 200 cipaliter
250 157 402 198 sperare
434 146 649 207 et.·petere;
668 147 826 200 gratiam
849 146 992 189 scilicet
1014 151 1052 188 et
1071 144 1232 200 glosim
1251 151 1377 194 κατ’·

66 223 177 251 nam:
195 214 350 264 propter
367 207 452 251 haec
472 216 604 251 noster
623 217 676 252 est
701 209 891 265 pontifex,
1222 243 1223 247 ,

125 271 245 315 Disce
264 279 302 315 et
320 288 388 327 per
409 289 522 329 quam
539 276 641 317 viam
660 275 801 317 debeas
816 275 864 316 ad
887 274 970 316 haec
987 281 1130 317 aeterna
1156 273 1260 317 bona
1281 280 1377 316 ten·-

65 341 271 395 derezper
301 337 443 383 Christi
471 342 665 396 passiones
694 349 733 385 et
764 349 953 393 mortem,
977 355 1046 396 per
1076 341 1377 397 quas-transiens

66 403 240 448 Christus
254 437 265 457 ,
282 407 434 448 intravit
457 408 496 447 in
518 406 686 449 coeium.‘

128 465 262 532 Passio
278 466 418 511 Christi
436 471 495 511 via
513 471 657 512 ducens
673 470 721 512 ad
736 471 897 518 coelumz
922 472 983 512 via
1001 485 1126 523 nova,
1142 473 1203 513 via
1221 464 1372 520 vivens,

66 537 127 578 via
143 538 167 577 ὲ
186 533 261 578 Dei
280 537 363 577 sinu
385 537 597 591 procedens
610 569 620 588 ‚
640 537 688 578 ad
704 534 778 579 Dei
802 540 929 579 sinum
945 541 1047 580 recta
1063 536 1292 592 perducens.

123 600 198 645 Vae
217 617 309 657 ergo
327 603 375 644 iiii
393 605 457 659 qui
476 603 605 655 aliam,
635 611 769 659 praeter
803 601 1006 646 Christiani
1025 606 1255 659 patientem,
1273 605 1377 647 viam

69 670 202 724 quaerit
226 668 274 710 ad
290 668 440 715 coeium.
732 706 739 711 .
877 669 881 672 ’

98 780 101 784 ,
124 731 187 775 Da
206 732 326 786 mihi,
347 732 369 773 ὁ
387 747 534 775 summe
553 739 589 775 et
603 732 736 775 divine
755 731 960 783 Pontifex,
980 740 1107 775 tecum
1128 733 1228 786 pati,
1250 738 1377 774 tecum

67 801 188 851 mori,
208 806 335 841 tecum
362 798 572 851 humiliari,
594 806 633 841 ut
667 802 739 841 tuis
768 799 1006 854 passionibus
1041 799 1328 847 communicans
1339 803 1378 839 et

67 875 142 910 tuae
163 867 291 922 gloriae
311 870 602 910 communicem.

627 977 814 1007 CONCiPE

129 1065 192 1109 Ex
210 1066 254 1114 ff.
278 1067 328 1118 14
344 1066 453 1121 hujus
471 1069 591 1109 nostri
613 1065 814 1109 Pontiiicis
836 1066 1058 1108 sacrificium
1077 1081 1086 1106 z
1104 1065 1186 1120 quis
1204 1063 1293 1106 illud
1313 1066 1381 1108 ob-

69 1131 176 1175 tulit?
199 1132 388 1183 Christus,
412 1130 516 1174 Deus
537 1130 671 1173 Homo
686 1147 696 1179 ς
713 1131 804 1188 quid
817 1131 973 1172 obtulit?
992 1131 1254 1184 semetipsum,
1279 1126 1380 1172 Hc*

70 1202 216 1241 minem
241 1197 370 1241 Deum
383 1229 395 1252 ‚
420 1199 577 1252 Agnum
600 1199 927 1246 immaculatum,·
946 1212 1015 1252 per
1034 1196 1176 1252 quem?
1195 1199 1266 1251 pe‘r
1279 1196 1379 1251 spi·-

67 1265 186 1316 ritum
206 1272 384 1306 sanctum
402 1295 413 1317 ‚
432 1271 614 1306 aeternum
630 1271 668 1306 et
687 1262 814 1305 Deum
826 1280 835 1310 ;
849 1263 933 1304 cui?
948 1260 1034 1304 Deo
1049 1292 1061 1313 ‚
1081 1259 1187 1303 Patri
1207 1267 1352 1304 aeterno
1364 1292 1378 1314 2

71 1333 152 1374 Deo
170 1332 252 1375 νῐοο
274 1340 311 1373 ει
326 1348 428 1375 vero.
448 1329 487 1374 Ο
508 1331 731 1374 sacrificium
749 1330 1004 1385 undequaque
1025 1327 1216 1371 divinum!
1233 1333 1272 1370 et
1290 1326 1378 1370 ideo

74 1402 165 1440 vere
184 1397 276 1441 Deo
296 1399 475 1452 dignum!

125 1459 194 1506 Ad
212 1463 302 1518 quid
323 1463 493 1505 divinum
513 1463 587 1504 hoc
606 1461 774 1504 oblatum
799 1468 855 1503 est
874 1458 1124 1502 sacrificium?
1143 1463 1185 1499 nt
1203 1459 1225 1498 a
1242 1470 1380 1512 pecca·

69 1529 115 1569 tis
127 1527 384 1578 liberaremur;
396 1535 437 1570 ut
446 1529 497 1569 ab
507 1529 682 1581 operibus
693 1526 852 1568 mot-tuis
865 1524 990 1572 liberi,
1006 1523 1085 1563 Deo
1098 1523 1182 1564 νὶυο
1195 1521 1330 1562 sanct&
1341 1527 1381 1562 et

69 1593 162 1643 pure
181 1593 418 1645 serviremus,
453 1598 492 1634 ut
524 1591 693 1634 divinam
711 1590 972 1633 haereditatem
990 1587 1104 1630 nobis
1127 1587 1374 1640 promissam,

67 1661 106 1696 et
128 1655 176 1697 ad
193 1672 310 1711 quam
334 1659 468 1699 vocati
483 1672 631 1708 sumus,
655 1655 950 1712 possideremus.

126 1721 166 1765 Ο
186 1725 395 1765 bonitatem
409 1726 501 1764 vere
519 1722 687 1763 divinam
703 1752 716 1771 ‚
733 1721 960 1760 immensam
975 1748 986 1769 ‚
1000 1715 1210 1765 infinitam,
1230 1710 1379 1757 ineffa-

67 1786 203 1830 bilem!
219 1795 374 1842 propter
398 1788 565 1828 nimiam
600 1786 852 1830 charitatem,
884 1790 979 1835 etc„
996 1782 1152 1838 proprio
1186 1781 1292 1821 Filio
1308 1795 1378 1823 suo

67 1867 145 1894 non
161 1856 333 1908 pepercit
353 1854 470 1901 Dens,
497 1851 565 1891 sed
577 1865 647 1903 pro
667 1849 793 1898 nobis,
813 1847 910 1888 ela!

122 1917 297 1963 Attende
316 1918 509 1975 quomodo
533 1917 622 1959 huic
642 1915 874 1971 respondeas
907 1913 1048 1955 divinae
1079 1912 1266 1960 bonitati3
1288 1925 1336 1953 an
1357 1914 1378 1953 ὲ

66 1988 229 2040 peccatis
249 1987 357 2036 iiber,
380 1987 500 2027 servis
515 1981 602 2025 Deo
614 1982 736 2024 vivo?
757 1996 806 2023 an
825 1980 906 2022 talis
926 1994 967 2022 es
984 1981 1042 2021 cui
1062 1976 1379 2033 dicat-aliquando

66 2047 240 2093 Christus
257 2068 266 2093 ε
285 2050 408 2103 Veni,
435 2049 664 2100 benedicte,
684 2055 760 2089 etc.
782 2045 962 2101 posside,
984 2051 1058 2086 etc.

645 2158 826 2190 CONCIPE

126 2244 359 2290 Continuam
373 2245 484 2298 hujus
503 2245 625 2286 divini
643 2244 814 2286 sacrificii
833 2241 1234 2297 repraesentationem:

126 2309 338 2366 Postquam
356 2341 368 2361 ‚
392 2325 462 2366 per
484 2311 616 2351 mortis
643 2323 722 2350 suae
750 2308 995 2357 sacrificium,
1015 2299 1188 2347 Christus
1206 2299 1380 2357 pontifex

67 2383 197 2420 noster
217 2374 305 2419 Deo
324 2375 451 2425 Patri,
477 2389 628 2416 summo
660 2375 739 2426 jure
753 2403 764 2424 ‚
788 2372 836 2413 ad
858 2372 1071 2413 teruncium
1091 2381 1231 2424 usque,
1251 2365 1381 2408 debita

69 2446 196 2483 nostra
232 2439 437 2497 persolvit,
460 2437 626 2480 introivit
658 2440 701 2477 in
735 2436 891 2488 coelnm,
923 2441 966 2475 ut
995 2446 1099 2474 nunc
1127 2437 1166 2473 et
1193 2443 1314 2485 usque
1339 2430 1381 2470 in
