1474 2658
371 70 511 106 mm!
537 73 704 106 aarum
734 75 789 107 m·
818 77 1078 111 vultuosum.
1159 65 1164 71 “
1292 66 1385 125 369
1430 100 1436 103 -

11 101 31 115 ἰ
66 129 262 181 Qun-odo
273 131 601 174 conversandum?

39 188 41 190 ’
67 182 425 241 mvictuysostomi
441 188 513 226 hdo
526 189 575 227 de
592 199 632 228 re
643 189 840 229 axiomata.
863 192 963 230 Ibid.

583 275 848 310 CONVERSIO.

70 351 155 391 'Iria
170 353 219 390 ad
235 353 519 393 conversionem
536 354 759 397 necessaria.
780 353 854 393 IV.
877 358 961 392 406.
987 353 1084 395 Vide
1101 355 1234 394 Salus.

491 453 499 459 ·
567 436 862 471 COOPERATIO.

62 511 211 559 Quanta
220 512 400 551 fidelitate
414 514 615 551 debeamus
626 515 755 561 gratiae
765 515 974 564 cooperari.
988 514 1061 554 VI.
1078 519 1160 552 115.
1179 519 1262 552 122.
1276 514 1367 554 vide
1427 522 1439 529 ²

111 568 276 618 Gratia,
300 571 516 609 Consensus
532 574 686 619 qratioe.

657 657 745 690 COR
752 681 761 690 .

57 733 134 773 Cor
152 732 342 780 nostru'm,
365 735 494 772 charta
513 736 602 784 Dei,
622 736 662 772 in
681 748 754 784 qua
772 735 1049 785 perspiritum
1068 739 1239 774 sanctum
1259 736 1367 785 quasi

106 794 269 842 digitum
287 806 396 830 suum
415 795 548 831 scribit
567 795 803 843 inspirando.
819 795 895 832 III.
920 801 978 834 55.

0 877 8 889 .
54 854 230 888 Nostrum
249 856 393 888 estnon
412 863 492 888 esse
511 863 660 900 saxeos,
681 853 775 888 dura
793 853 943 890 cervice
955 882 964 899 ,
996 865 1073 891 non
1094 853 1285 898 resistere,
1302 853 1368 889 sed

104 909 259 948 obedire
273 910 394 958 digito
409 911 478 947 Dei
494 912 675 948 scribenti
691 940 702 958 ‚
723 924 788 950 seu
799 913 1017 961 inspiranti.
1031 913 1132 951 Ibid.
1144 919 1181 951 et
1198 917 1259 950 66.
1273 913 1367 949 Vide

105 969 332 1017 cooperatio
345 996 358 1015 ,
378 969 519 1006 Gratia
533 997 544 1017 ,
571 971 788 1019 Cousensus
802 975 958 1019 qratioe.

53 1028 152 1062 Deus
171 1032 237 1062 eo'r
253 1029 293 1062 et
309 1025 558 1062 intentionem
584 1027 769 1073 attendit,
791 1038 867 1063 non
893 1028 1136 1065 solummodo
1154 1027 1307 1064 sactum.
1326 1026 1363 1065 Ι.

102 1084 190 1118 364.

52 1137 150 1175 Hinc
166 1149 278 1175 nemo
295 1139 618 1176 condemnandus.
641 1139 740 1176 Ibid.
926 1179 936 1193 ·

50 1195 147 1233 Hinc
173 1195 218 1234 fit
242 1197 354 1234 etiam
383 1197 486 1245 quod
515 1209 615 1247 saepe
642 1198 851 1247 simplicior
875 1202 954 1235 Deo
972 1200 1099 1248 placet
1117 1198 1237 1247 magis
1251 1197 1363 1247 quam

100 1252 262 1290 doctior.
283 1252 384 1289 Ibid.

261 1318 264 1321 ⁴
389 1321 551 1355 CORDIS
579 1323 762 1365 ELATIO,
788 1323 1014 1356 SUPERmA.

53 1403 242 1446 Quantum
254 1401 396 1437 malum
409 1400 460 1436 sit
477 1401 602 1437 cordis
618 1400 753 1438 elatio!
775 1400 850 1437 111.
872 1405 959 1438 263.
978 1405 1064 1438 268.
1086 1404 1174 1438 276.

48 1461 167 1509 Quam
185 1460 416 1497 timendum!
438 1460 540 1498 Ibid.
560 1460 663 1500 Vide
683 1461 886 1508 Superbia.

49 1523 176 1556 Artem
193 1519 329 1556 mirare
347 1519 423 1567 quii
440 1524 538 1555 Deus
557 1524 707 1556 sanctos
724 1522 920 1555 conservat
936 1518 1110 1555 humiles.

49 1579 155 1614 Patet
171 1576 211 1613 in
232 1580 276 1614 D.
301 1577 436 1622 Paulo,
454 1580 581 1612 mente
598 1577 639 1612 in
662 1578 798 1613 coelum
813 1580 940 1624 rapto,
963 1586 1075 1612 carne
1093 1575 1133 1612 in
1147 1574 1284 1612 coelum
1294 1573 1361 1610 de-

96 1634 241 1670 voluto.
262 1632 342 1669 111.·
362 1634 448 1670 268.
470 1638 557 1670 277.

49 1686 301 1734 Christianus,
314 1693 356 1725 ut
380 1688 505 1725 cordis
523 1688 723 1726 elationem
747 1689 863 1738 vitetff,
890 1690 938 1725 ad
954 1701 1038 1726 suas
1057 1687 1294 1733 infirmitates
1311 1687 1360 1724 sit

97 1749 279 1795 attentus,
299 1745 376 1783 111.
387 1750 486 1783 ⁴263.

490 1815 700 1850 VELAMEN
725 1816 898 1850 CORDIS.

43 1895 243 1945 Ozpidjtas
256 1900 313 1934 est
328 1898 502 1935 velamen
520 1896 644 1933 cordis
661 1911 670 1933 :
688 1899 849 1933 excaecat
862 1894 964 1932 enim
982 1897 1127 1932 mentes
1143 1892 1353 1930 hominum.

81 1948 170 1993 ἹΠ.
191 1960 252 1993 78.
275 1959 336 1992 79.

45 2016 143 2052 Hinc
162 2015 285 2052 cordis
303 2017 432 2052 oculos
452 2015 687 2052 illuminatos
703 2020 804 2064 pete.
826 2014 901 2053 ΙΙΙ.
926 2020 987 2052 79.

46 2073 157 2111 Oculi
175 2072 313 2110 cordis.
335 2073 436 2109 Ibid.

564 2125 830 2159 CORINTHUS.

42 2204 249 2242 Corinthus
266 2202 413 2239 Achaiae
428 2230 437 2248 ,
458 2214 545 2250 quae
566 2213 669 2240 nunc
685 2201 1003 2248 Moraea'dicitur,
1022 2200 1242 2251 metropolis
1259 2204 1351 2239 erat.

95 2262 151 2299 11.
174 2267 206 2298 1.

39 2322 130 2370 Ejus
143 2321 358 2368 descriptio.
387 2319 462 2358 ΙΙΙ.
489 2324 522 2356 1.

18 2396 23 2402 ·
44 2378 203 2424 Quando
217 2377 443 2414 Corinthum
455 2376 561 2414 venit
574 2375 622 2413 D.
639 2376 775 2412 Paulus
788 2387 799 2420 ;
818 2375 988 2423 quandiu
1000 2374 1158 2412 mansit.-

54 2436 240 2474 Corinthii
255 2437 274 2473 ὲι
288 2440 331 2473 D.
350 2437 464 2474 Pau'o
485 2437 533 2473 ad
549 2434 743 2473 Christum
760 2435 945 2473 conversi.
964 2434 1065 2472 Ibid.
