1430 2658
347 76 528 110 mm
553 76 796 108 monuo.
821 61 920 119 αφ.
934 52 1032 106 ἰιι
1294 61 1354 117 4⁵

401 239 630 324 CAPUT
660 273 988 321 TERTIUM.

552 403 838 457 Paraphrasis.

37 488 367 583 QUAPROPTER
379 538 392 575 ·‚
413 523 564 573 fratres,
587 525 625 565 in
646 525 828 577 sanguine
842 519 1006 572 Christi,
1024 537 1092 577 per
1104 519 1346 576 Baptismum

26 589 252 632 sanctificati
271 597 310 632 et
325 593 347 631 a
363 586 451 632 Deo
467 591 669 631 nobiscum
686 589 735 630 ad
755 588 910 631 coeleste
931 604 1091 644 regnum
1115 589 1264 636 vocati,
1289 593 1346 627 at-

33 653 180 696 tendite
199 656 282 709 quis
306 660 345 697 et
364 660 525 710 quantus
542 656 589 695 sit
610 651 722 695 Jesus
743 650 942 707 Christus,
966 653 1159 711 apostolus
1178 657 1215 694 et
1238 665 1347 706 pon-

26 711 129 762 tifex
146 717 393 774 Evangelicae
412 719 503 761 fidei
524 734 637 775 quam
657 719 891 772 profitemur.

91 783 172 838 Qui
191 784 269 827 hoc
283 791 484 841 utrumque
506 799 643 826 munus
658 784 821 826 fideliter
838 786 953 838 gessit
974 786 1077 837 juxta
1104 781 1181 825 Dei
1199 782 1341 825 voiun-

29 854 149 891 latem
163 878 178 901 ‚
199 849 264 904 qui
285 850 480 891 constituit
495 848 600 890 ilium
619 849 782 903 legatum
799 863 911 890 suum
935 855 973 890 et
996 848 1222 902 pontificem
1241 861 1343 888 nos-

31 918 158 961 trurm
679 911 682 914 ⁴

86 974 192 1019 Sicut
207 974 370 1032 Moyses
389 980 428 1019 in
446 975 637 1034 Scriptura
651 978 818 1020 laudatur
838 977 941 1032 qubd
961 979 999 1019 in
1019 974 1097 1018 tota
1113 976 1230 1017 domo
1247 973 1344 1025 Dei,

27 1054 101 1083 seu
128 1038 355 1097 synagoga,
387 1045 428 1084 in
458 1042 531 1097 qua
564 1041 671 1085 Deus
702 1043 921 1095 habitabat,
948 1042 1061 1085 suerit
1090 1040 1345 1083 fidelissimus.

31 1106 151 1151 Num.
178 1124 245 1151 υ.
265 1124 303 1164 7.

90 1170 255 1227 Jesum,
278 1176 452 1230 inquam,
487 1175 749 1226 considerate,
783 1189 862 1216 non
894 1172 1103 1229 Moysem‚
1134 1172 1223 1214 licet
1253 1170 1343 1214 Deo

30 1240 212 1287 fidelem;
233 1242 319 1296 quia
347 1245 453 1282 tanto
483 1243 605 1292 major
635 1248 691 1290 est
721 1241 838 1295 gloria
874 1237 1015 1281 Christi
1054 1253 1134 1293 prae
1171 1236 1340 1293 Moyse,

29 1309 170 1362 quanto
200 1307 324 1359 major
349 1311 407 1347 est
439 1305 566 1348 honor
595 1306 789 1348 architecti
819 1308 883 1362 qui
904 1306 1079 1360 ,domum
1116 1301 1343 1356 aedificavit,

24 1384 144 1426 quam
164 1371 279 1424 ipsius
293 1369 456 1412 aedificii.

89 1431 232 1475 Omnis
257 1434 446 1490 siquidem
479 1434 618 1476 domus
650 1435 859 1477 aedificatur
887 1435 936 1476 ab
968 1435 1092 1491 aliquo
1117 1434 1283 1482 artifice;
1305 1441 1343 1476 at

30 1500 95 1553 qui
116 1513 241 1540 rerum
256 1501 428 1540 omnium
449 1500 583 1542 artifex
602 1507 676 1552 est,
699 1508 738 1542 ut
760 1498 933 1543 Christus
948 1532 959 1553 ‚
982 1500 1046 1541 hic
1069 1507 1105 1542 et
1126 1498 1233 1541 Deus
1254 1506 1338 1547 est,

30 1577 116 1605 cum
139 1577 216 1618 quo
237 1561 400 1619 Moyses
418 1563 571 1606 cottatus
586 1597 597 1615 ‚
619 1572 785 1606 creatura
799 1597 810 1616 ‚
836 1572 874 1606 et
893 1565 981 1606 ideo
999 1564 1107 1605 nihil.

85 1625 279 1683 Equidem
299 1625 458 1682 Moyses
477 1631 515 1668 in
535 1630 613 1670 tota
637 1629 755 1669 domo
770 1626 845 1669 Dei
868 1628 1029 1669 fideliter
1045 1642 1087 1668 se
1105 1627 1246 1681 gessit,
1262 1640 1343 1667 non

24 1697 71 1732 «ut
93 1690 297 1741 dominus,
315 1691 384 1731 sed
403 1698 443 1732 ut
462 1693 634 1733 minister
648 1694 714 1746 qui
729 1692 831 1733 bonai
851 1691 928 1732 side
943 1721 956 1743 ‚
977 1688 1054 1731 Dei
1072 1689 1248 1730 mandata
1266 1701 1343 1743 po·

28 1755 116 1812 pulo
129 1754 335 1812 *Israelitico
352 1755 553 1798 referebat.

88 1843 144 1890 At
163 1850 257 1889 vero
279 1844 454 1889 Christus
468 1879 479 1898 ‚
500 1855 540 1890 ut
557 1845 677 1891 Filius
693 1844 793 1899 Dei,
815 1853 851 1888 et
871 1847 962 1889 ideo
983 1853 1024 1888 ut
1044 1852 1147 1900 pater
1159 1852 1195 1887 et
1209 1845 1342 1886 domi-

27 1926 129 1962 nus,
151 1926 259 1954 suam
281 1913 398 1967 ipsius
418 1911 599 1953 familiam
613 1912 846 1954 administrat
863 1928 872 1957 ;

89 1975 191 2020 Haec
214 1975 356 2020 Christi
381 1976 520 2020 familia
535 1993 665 2019 sumus
685 1992 756 2021 nos
776 1975 981 2020 Christiani
998 2007 1011 2030 ‚
1030 1991 1099 2031 per
1117 1975 1234 2017 fidem
1266 1989 1342 2030 ag-

29 2044 172 2095 gregati
194 2039 401 2090 Ecclesiae:

90 2104 317 2148 Dummodo
334 2122 455 2163 usque
476 2107 525 2148 ad
543 2108 662 2148 finem
684 2108 775 2148 vitae
795 2120 1086 2161 perseveremus
1102 2108 1142 2147 in
1163 2104 1291 2161 aperta
1302 2112 1341 2146 et

25 2170 277 2225 giuriabunda
298 2172 386 2214 fidei
417 2179 456 2214 et
485 2174 566 2225 spei
586 2169 823 2225 professione
840 2187 944 2213 :non
967 2174 1073 2214 enim
1093 2173 1156 2225 qui
1177 2173 1341 2226 incepe-
1400 2167 1408 2182 ⁸

27 2238 76 2280 tit
90 2269 103 2290 ‚
123 2238 194 2280 sed
231 2241 294 2294 qui
331 2240 631 2293 perseveraverit
667 2253 787 2292 usque
809 2241 849 2280 in
867 2238 986 2280 finem
1002 2269 1016 2289 ‚
1035 2238 1099 2280 hic
1116 2237 1242 2280 salvus
1258 2233 1344 2280 erit.

86 2299 347 2358 Quapropter,
369 2302 413 2344 ea
433 2318 534 2344 nunc
552 2317 651 2344 voce
668 2317 738 2344 vos
755 2303 947 2344 admoneo
965 2302 1039 2358 qua
1056 2300 1218 2358 Spiritus
1234 2316 1346 2343 sanc-

27 2371 89 2405 tus
108 2379 175 2407 ore
194 2364 357 2408 Davidis
374 2366 572 2408 admonuit
594 2374 719 2422 patres
737 2374 911 2409 vestros:

90 2429 226 2477 Hodie
246 2436 279 2476 si
297 2448 436 2477 vocem
457 2431 598 2476 Christi
623 2432 699 2476 Dei
723 2434 936 2486 audieritis,
