1474 2658
132 96 215 140 292
506 89 728 122 EmS‘rOLAE
758 88 817 120 AD
849 88 1062 121 nEBRAEos

189 154 237 198 Id
255 162 341 208 est,
373 152 543 196 aiendite
569 165 622 194 ne
648 153 732 208 quis
761 150 931 194 vestrum
951 153 1050 194 desit
1077 153 1218 208 gratie
1231 149 1356 208 Dei,-
1352 167 1446 199 ωε

132 224 275 267 divinae
295 223 489 264 vocationi
510 235 590 263 non
613 219 865 276 respondens.

189 287 280 332 Vult
293 284 504 343 Apostolus
527 286 700 329 debiles
690 301 729 328 ιη
747 286 825 328 fide
847 288 869 327 ὲ
888 285 1105 328 fortioribus
1127 286 1313 342 adjuvari.

187 353 284 398 Non
295 354 372 396 hoc
385 357 532 396 tantum
550 355 727 409 requiro,
743 355 793 394 ait
813 351 865 394 D.
885 349 1210 409 Chqsostomus,
1229 361 1271 397 ut
1283 356 1358 398 v'os
1371 356 1443 398 soli

128 420 387 476 perveniatis;
423 417 492 460 sed
529 424 568 459 ut
603 419 716 458 etiam
764 418 968 470 inspiciatis
1001 425 1182 470 caeteros,
1218 432 1270 461 ne
1301 419 1445 463 scilicet

95 475 110 488 ’
130 489 354 529 remaneant
370 485 411 524 in
426 481 485 523 via
499 515 510 536 ‚
526 481 588 524 vel
604 483 742 523 virium
775 481 948 533 defectu,
971 482 1033 524 vel
1059 484 1226 538 segnitie
1252 484 1444 536 retardati.

186 550 253 592 Ne
269 564 345 603 qua
365 549 485 589 radix
500 549 778 589 amarl'tudmis
790 578 822 597 ,.
827 549 914 590 ..id
930 555 1009 600 est,
1034 550 1128 591 item
1147 555 1283 591 cavete
1301 564 1352 592 ne
1369 565 1442 606 qua

127 616 237 660 radix
259 629 382 656 amara
415 613 519 656 falsae
548 615 753 666 doctrinae,
790 614 854 656 vel
886 617 993 671 pravi
1024 614 1194 693 exempli
1219 617 1439 669 germinet,

128 679 284 737 pullulet
306 686 342 722 et
365 687 506 722 crescat
527 682 624 721 inter
643 695 728 722 vos.

186 744 327 801 Sicque
358 747 573 798 impediat,
613 747 756 788 obstet.
795 743 882 800 Syr.
912 746 1020 788 laedat
1045 762 1139 800 vos,
1180 744 1304 803 essque
1334 748 1443 791 multi

129 813 447 854 contaminentur.
469 808 590 853 Arab.
610 825 693 864 quae
713 817 851 853 noceat
868 817 904 852 et
926 825 992 865 per
1009 826 1122 866 quam
1138 813 1246 855 multi
1264 813 1443 856 homines

129 881 390 936 inquinentur.

175 943 285 987 ,Duae
306 951 390 986 sunt
410 946 449 985 in
468 943 543 984 hoc
561 958 672 985 versu
691 943 940 997 metaphorae.
963 983 970 987 .

184 1007 319 1052 Prima
336 1009 446 1050 ducta
462 1012 482 1049 a
501 1008 708 1049 viatoribus
728 1008 766 1047 in
786 1009 963 1048 comitatu
985 1006 1106 1047 multo
1124 1036 1135 1058 ,
1155 1021 1193 1048 v.
1207 1022 1259 1062 g.‚
1275 1009 1313 1048 in
1328 1020 1441 1050 exer-

128 1073 202 1114 citu
218 1102 228 1122 ‚
253 1073 319 1112 ubi
341 1070 456 1111 duces
480 1069 679 1123 invigilant
699 1083 750 1111 ne
769 1070 851 1123 quis
871 1071 910 1110 in
932 1069 995 1112 via
1015 1069 1167 1111 deficiat
1186 1077 1224 1112 et
1243 1077 1386 1126 pereat.

185 1137 359 1181 Secunda
382 1140 539 1179 sumitur
553 1152 603 1179 ex
619 1137 778 1178 arbustis
796 1168 806 1188 ‚
828 1151 987 1192 quorum
1010 1136 1155 1180 radices
1169 1140 1385 1192 germinant
1404 1144 1443 1180 et

125 1204 273 1246 bonum
289 1218 423 1245 semen
448 1198 682 1258 impediunt.

183 1268 340 1326 Itaque,
366 1273 398 1312 si
417 1285 495 1325 qua
516 1271 568 1310 sit
586 1271 684 1311 inter
702 1283 773 1310 vos
793 1269 910 1309 radix
925 1269 1224 1318 amaritudinis,
1251 1269 1383 1311 videte
1401 1275 1442 1311 ut

124 1351 206 1379 non
223 1338 432 1391 germinet,
464 1335 534 1390 sed
564 1335 777 1387 recidatur,
809 1349 859 1376 ne
885 1336 996 1376 vobis
1021 1335 1148 1376 obstet
1175 1341 1211 1376 et
1230 1348 1282 1376 ne
1304 1334 1442 1389 polluat

125 1398 231 1440 alios.
1291 1427 1293 1430 -

183 1466 243 1520 Ϋ.
278 1466 342 1508 16.
374 1466 439 1508 Ne
459 1481 521 1519 qut
517 1465 543 1506 ‘s
558 1463 800 1519 fornicatom
825 1464 864 1505 id
888 1471 971 1516 est,
998 1479 1049 1506 ne
1068 1467 1152 1520 quis
1169 1467 1218 1506 sit
1244 1464 1345 1519 apud
1367 1478 1438 1505 vos

125 1542 328 1583 scortator.

188 1599 241 1640 Ut
256 1596 470 1653 profanus,
494 1597 533 1639 id
549 1604 633 1648 est,
650 1612 702 1639 ne
721 1599 804 1652 quis
817 1598 866 1638 sit
893 1597 1074 1650 quisacra
1092 1597 1256 1652 negligat
1281 1604 1320 1640 et
1345 1611 1442 1639 con-

125 1667 272 1716 enicet,
294 1674 337 1706 ut
359 1666 449 1706 olim
474 1667 524 1706 Es
518 1682 580 1705 (ιιι
597 1696 609 1714 ,

184 1730 267 1783 Qui
284 1737 439 1783 propter
458 1745 578 1769 unam
595 1744 724 1769 escam
741 1758 752 1775 ,
779 1729 817 1769 id
837 1735 912 1775 est,
937 1730 1001 1782 qui
1022 1743 1099 1770 uno
1114 1728 1242 1770 edulio
1258 1729 1434 1772 vendidit

121 1800 180 1851 jus
198 1811 278 1839 suae
307 1798 638 1850 primogeniturae,
669 1795 774 1849 quod
804 1795 994 1850 singulare
1022 1794 1098 1837 Dei
1122 1796 1266 1839 donum
1283 1804 1443 1851 reputa-

123 1861 251 1903 batur.

183 1921 239 1975 Y.
267 1939 331 1977 17.
361 1924 504 1963 Scitote
520 1923 622 1962 enim
648 1924 832 1974 quoniam
853 1930 889 1962 el
905 1930 1082 1976 postea...
1104 1921 1174 1965 Gr.
1193 1927 1296 1966 scitis
1312 1939 1449 2034 &m-

120 1987 215 2034 iove
241 1989 436 2044 aequaliter
454 1989 664 2043 significat,
691 1990 794 2030 scitis
824 1996 860 2030 et
890 1991 1039 2031 scitote.
1072 1989 1159 2045 Syr.
1196 1994 1300 2032 scitis

121 2055 227 2099 Vide
242 2052 389 2096 Genes.
413 2069 483 2110 27.

186 2121 304 2177 Quod
317 2128 450 2174 postea
469 2123 629 2174 cupiens
642 2120 943 2162 henedf‘cltonem
982 2121 1253 2165 haereditario
1242 2136 1322 2177 ,ure
1340 2137 1434 2165 con-

122 2186 258 2241 sequi,

182 2250 428 2302 Reprobalus
455 2255 512 2288 esc
536 2252 557 2289 a
578 2255 683 2303 patre
711 2264 781 2290 suo
811 2250 990 2294 dicente:
1011 2253 1262 2302 benedixiei,
1282 2250 1434 2296 Jacobo

123 2313 292 2364 scilicet,
314 2314 436 2353 eterit
457 2312 702 2363 benedictus,
723 2323 795 2356 etc.
1176 2315 1196 2333 ’

184 2379 281 2422 Non
299 2380 403 2420 enim
426 2380 567 2420 invenit
579 2383 817 2434 poenitentia:
827 2385 970 2435 locum,
993 2386 1161 2438 scilicet,
1183 2387 1442 2442 apudrpalrem

123 2459 234 2489 suurn
248 2476 261 2500 ,
277 2443 317 2486 id
332 2450 413 2496 est,
433 2458 505 2486 nec
521 2444 694 2500 lacrymis
714 2449 788 2488 suis
808 2449 985 2492 obtinere
1002 2452 1175 2506 potuitut
1193 2458 1339 2507 patrem
1352 2452 1443 2495 sacti
