1430 2658
91 78 171 123 160
479 87 699 134 emsromn
728 87 788 118 An
815 88 1010 120 numos

457 238 771 298 Commentarius
792 258 833 297 in
859 254 960 311 Cap.
986 256 1028 299 8.

142 322 147 326 .
245 321 278 348 ,Ἰ
1357 333 1362 338 .

80 359 139 413 Jff.
163 375 201 401 1.
221 330 506 401 (AAm'rULUM
529 364 660 400 autem
679 373 853 414 superea
869 375 955 413 quoe
973 363 1165 404 dicuntur.
1188 356 1260 406 Gr.
1278 376 1392 418 super

79 427 201 468 dictis.
219 423 308 479 Syr.
328 438 474 467 summa
492 431 617 467 autem
635 424 774 467 horum
791 430 961 469 omnium
980 428 1051 471 esf.
1072 425 1194 472 Arab.
1209 421 1390 472 cassetum

79 505 226 534 summa
249 504 381 532 eorum
404 504 488 545 quae
508 489 605 531 dicta
623 497 723 532 sunt.
1120 484 1127 489 ’

139 556 386 611 Capitulum,
411 555 449 596 id
474 562 558 607 est,
583 562 693 609 caput
708 587 720 607 ‚
745 569 918 608 summa,
944 560 1155 601 maximum
1181 565 1220 602 et
1245 560 1392 614 praeci-

77 637 195 678 puum
214 625 383 664 omnium
403 635 488 676 quae
510 622 608 664 dicta
627 629 714 662 sunt
738 625 759 662 a
785 625 906 677 capite
927 626 1059 679 quinto
1086 624 1198 679 hujns
1220 625 1391 680 epistotae

79 689 127 731 de
150 689 363 744 praestanti&
387 688 588 731 sacerdotii
608 686 749 731 Christi
773 704 983 746 eorumque
1010 691 1311 748 compendium,
1332 699 1391 734 est

78 755 154 798 hoc
179 756 281 812 quod
300 752 481 810 sequitur.

141 821 274 861 Talem
305 820 491 861 habemus
521 818 778 874 pontificem,
814 821 853 871 id
885 827 962 872 est,
996 827 1112 863 tantae
1140 821 1328 877 dignitatis
1353 828 1392 864 et

79 886 329 927 excellentiae.
1228 925 1230 929 ,
1259 880 1266 885 ’

140 951 223 1004 Qui
244 951 442 1000 consedit,
468 950 504 991 id
529 957 609 1002 est,
636 957 675 991 ut
698 952 891 994 consideat
912 959 1088 1006 tanquam
1113 967 1184 994 rex
1210 960 1250 995 et
1273 953 1390 1007 judex

78 1022 113 1056 et
134 1014 285 1069 aequalis
303 1010 408 1054 Deo.

133 1081 184 1120 In
202 1078 362 1118 dextera
381 1077 482 1118 sedis
495 1107 508 1125 ‚
533 1077 572 1118 id
588 1085 645 1118 est
662 1109 674 1128 ‚
695 1080 732 1118 in
752 1077 909 1118 dexter&
929 1084 1036 1133 parte
1055 1077 1197 1122 throni.

132 1143 448 1196 Magnitudim‘s,
475 1141 514 1183 id
538 1147 595 1183 est
610 1173 621 1194 ‚
646 1139 856 1193 Majestatis
872 1173 883 1194 ‚
903 1157 970 1185 seu
994 1146 1016 1185 a
1040 1143 1186 1187 dextris
1209 1140 1287 1187 Dei
1315 1159 1389 1200 pa·
1414 1154 1420 1161 ‘

78 1213 156 1252 trIS.

137 1276 211 1318 Cui
230 1277 331 1316 enim
352 1276 455 1316 dimit
480 1291 492 1314 .·
521 1275 577 1315 Tu
597 1290 635 1315 es
653 1276 853 1325 sacerdos,
880 1283 970 1326 etc„
998 1276 1126 1320 eidem
1145 1277 1242 1320 dixit
1262 1292 1274 1319 ι
1293 1277 1390 1319 Sede

79 1344 105 1382 ὰ
122 1342 269 1382 dextris
288 1343 406 1390 meis,
428 1347 559 1394 utpote
581 1341 722 1381 divinae
740 1355 896 1386 consors
915 1345 1120 1395 majestatis
1137 1349 1181 1384 et.
1196 1344 1412 1398 potentiae(

136 1406 338 1449 Habemus
365 1409 490 1460 itaque
513 1405 736 1460 pontificem
760 1403 911 1457 Deum,
943 1414 982 1448 et
1001 1410 1023 1448 a
1050 1406 1195 1450 dextris
1217 1404 1294 1449 Dei
1316 1421 1389 1450 sc·-

78 1475 248 1516 dentem.
400 1467 401 1470 ¹
1344 1513 1350 1515 ,

138 1537 196 1591 ss.
223 1555 263 1580 2.
284 1539 515 1578 Sanctorum
540 1538 728 1581 minister.
747 1536 837 1592 Syr.
855 1539 1028 1579 minister
1054 1539 1268 1580 sanctuarii.
1294 1536 1388 1578 Mi-

80 1606 220 1653 nister,
243 1600 312 1645 Gr.
328 1601 575 1657 Aetvoup‘yb52
599 1601 638 1643 id
655 1609 737 1653 est,
761 1614 952 1644 sacrorum
972 1603 1160 1655 minister,
1181 1600 1358 1644 sacerdos
1371 1631 1385 1654 ‚

79 1667 266 1724 pontifex.

133 1731 382 1775 Sam-sorum.
411 1730 536 1773 Divus
563 1730 864 1786 Chrysostomus
891 1733 1052 1786 sumpsit
1081 1733 1121 1772 in
1147 1729 1356 1773 masculino
1373 1761 1387 1783 ‚

75 1799 332 1852 hominesque
357 1803 507 1838 sanctos
533 1796 740 1843 intellexit;
767 1795 837 1836 sed
861 1797 980 1836 verba
1001 1798 1200 1850 sequentia
1223 1797 1388 1838 reddunt

75 1863 304 1918 probabilius
325 1862 427 1916 quod
446 1867 670 1902 sanctorum
693 1862 740 1901 sit
761 1861 928 1901 neutrius
944 1861 1095 1912 generis
1109 1889 1122 1911 ,
1141 1859 1323 1916 idemque
1339 1862 1388 1902 sit.

76 1943 120 1970 ac
139 1925 267 1970 Sancti
288 1933 503 1967 sanctorum
519 1956 529 1975 ‚
553 1938 619 1965 seu
640 1937 683 1965 ac
703 1923 922 1971 sanctuarii,
950 1928 990 1963 ut
1011 1918 1146 1977 Syrus.

135 1991 188 2031 Et
210 1989 453 2031 tubernaculi
469 1989 564 2037 veri,
594 1986 634 2028 id
649 1993 734 2039 est,
754 2000 833 2026 non
852 1986 968 2042 typici
987 1990 1025 2026 et
1041 1983 1260 2037 umbratici,
1279 1983 1388 2042 quale

74 2055 142 2100 fuit
166 2044 445 2098 tabernaculum
461 2056 483 2094 a
505 2051 649 2108 Moyse
667 2050 807 2093 sactum
826 2082 837 2102 ‚
858 2057 898 2092 et
913 2049 1100 2104 templum
1123 2052 1145 2091 a
1177 2047 1387 2094 Salomone

74 2121 298 2164 aedificatum
314 2137 322 2168 ;
342 2119 410 2160 sed
424 2121 506 2159 veri
521 2117 749 2160 tabernaculi
767 2116 870 2172 quod
889 2116 1228 2170 reprasentabatur
1247 2129 1314 2171 [er
1329 2122 1387 2159 ta-

71 2188 316 2239 bernaculum
336 2183 485 2240 Moysis
506 2192 542 2226 et
560 2182 743 2238 templum
763 2181 994 2235 salomonis,
1011 2181 1153 2224 scilicet
1169 2177 1388 2238 Ecclesiae,'

72 2261 152 2296 tum
174 2252 439 2313 triumphantis
454 2281 466 2301 ‚
490 2257 570 2291 tum
594 2249 807 2291 militantis.

131 2319 249 2375 Quod
261 2318 370 2373 fixit
390 2318 605 2367 Dumium,
630 2315 666 2356 id
686 2320 744 2357 est
761 2344 773 2367 ‚
808 2316 830 2356 ὲ
849 2310 939 2358 Deo
961 2312 1143 2358 fundataei
