1474 2658
137 54 244 112 -448
462 71 600 102 mnssx
629 62 787 101 uenum
815 72 872 102 m·
913 68 1174 100 venantium

157 129 329 168 Orationi
348 128 479 166 salus
467 141 508 166 m
526 129 720 179 Scriptura
741 129 951 167 tribuitur:
973 127 1108 166 Omnis
1123 127 1384 182 quicumque
1365 123 1474 172 mod·

180 189 378 286 {agean
399 189 531 226 salvus
546 190 754 226 erit..10el.
782 194 817 227 2.
846 192 905 227 32.
930 186 1126 235 Quomodo
1150 187 1473 240 intelligendum?

157 305 274 353 Quam
293 307 428 354 potens
446 307 484 341 et
500 305 605 342 dives
628 307 684 342 est
702 303 821 341 oratio
845 303 885 340 in
909 304 1016 352 cujus
1033 303 1207 342 manibus
1229 303 1319 344 sun!
1339 317 1470 348 omnes

209 363 277 400 Dei
296 363 461 402 divitiae'
481 363 583 401 Ibid.

156 419 365 467 Religionis
382 423 439 456 est
455 420 594 456 anima
620 418 722 456 Ibid.

157 475 272 521 Quasi
287 479 366 512 tota
382 475 546 523 religio
535 487 576 511 m
595 476 764 511 oratione
778 474 1014 521 continetur,
1030 473 1142 522 fides,
1162 484 1248 524 spes
1260 504 1272 524 ‚
1288 476 1466 516 charitas.

253 534 308 571 id.

155 534 283 627 Orii‘io
302 590 412 627 nobis
428 591 635 628 necessaria
656 591 704 626 ad
718 589 948 626 vincendum
961 590 1279 640 concupiscentiae
1296 595 1469 644 tyranni-

205 651 305 688 dem.
325 650 358 687 Ι.
386 654 468 688 167.
487 650 581 688 Vide
600 651 934 706 Concupiscentia.

628 735 781 770 MODUS
807 735 976 769 ORANDI
983 760 992 768 .

154 816 324 854 Christus
346 828 456 854 orans
476 816 569 853 dixit
590 832 599 853 ε
622 815 756 861 Abba,
775 815 909 852 Pater.
931 818 1041 852 Marc.
1065 819 1122 852 ¹4.
1141 817 1202 852 36.

153 876 287 912 Nullus
305 879 392 912 ante
410 876 532 923 ipsum
548 875 602 910 sic
623 874 744 910 oravit
764 889 772 910 ε

152 936 200 969 At
215 932 325 968 nobis
342 931 564 968 Christianis
582 931 644 966 hic
662 931 785 966 honor
805 941 1003 966 concessus
1021 933 1090 966 est.

151 989 246 1027 Ideo
264 990 426 1038 Spiritus
453 992 605 1026 sanctus
623 988 763 1024 nobis
752 1000 791 1024 in
813 986 1084 1034 justificatione
1107 986 1241 1033 datur,
1265 989 1308 1024 ut
1331 987 1466 1026 eodem

200 1047 338 1096 spiritu
354 1059 431 1095 quo
453 1045 652 1083 Christus
641 1056 747 1094 lpse,
768 1046 971 1082 clamemus
992 1045 1041 1081 ad
1063 1048 1204 1090 Deum,
1231 1044 1369 1094 Abba,
1386 1045 1467 1084 Pa-

196 1108 269 1140 ter.
300 1103 333 1140 1.
364 1108 557 1141 192.193.

148 1162 268 1209 Hujus
285 1163 508 1208 recor‚dare
527 1163 687 1199 dicens:
706 1162 828 1199 Pater
845 1166 993 1207 noster,
1015 1165 1090 1205 etc.
1109 1159 1210 1198 Ibid.

149 1217 313 1265 Spiritus
331 1223 483 1255 sanetus
501 1220 668 1268 postulat
683 1230 753 1267 pro
772 1218 906 1265 nobis,
928 1218 1018 1253 dum
1040 1221 1206 1254 mentem
1229 1220 1267 1254 et
1284 1228 1351 1255 cor
1370 1229 1465 1255 nos-

200 1281 300 1313 trum
317 1277 424 1325 quasi
455 1279 620 1315 membra
641 1290 706 1314 sua
735 1281 885 1324 movet,
914 1275 1128 1325 illuminat,
1146 1277 1322 1316 accendit
1341 1281 1381 1316 et
1394 1289 1462 1316 ex·-

200 1330 294 1368 citat
310 1333 357 1368 ad
375 1335 572 1372 orandum.
595 1334 628 1370 1.
655 1338 737 1370 198.

150 1392 331 1426 oraturus
348 1401 457 1437 ergo,
483 1395 525 1428 tu
545 1396 582 1429 te
608 1391 764 1438 Spiritui
791 1396 921 1428 sancto
946 1391 1186 1428 committens
1207 1402 1299 1439 roga
1319 1394 1363 1428 ut
1378 1390 1463 1439 ipse

197 1447 366 1493 postulet
379 1446 420 1483 in
438 1451 495 1493 te,
516 1458 585 1496 pro
605 1451 642 1484 te
655 1474 666 1492 ,
687 1451 810 1483 tecum
823 1473 834 1492 ,
854 1458 921 1494 per
942 1452 978 1484 te
996 1458 1079 1495 quae
1099 1447 1308 1484 secundum
1324 1450 1460 1495 Deum,

196 1503 231 1539 I.
258 1507 345 1541 200.

147 1565 327 1598 oraturus
340 1589 350 1608 ,
368 1565 471 1599 tuam
488 1561 611 1611 primo
629 1572 791 1609 agnosce
809 1560 1009 1598 miseriam.

148 1621 251 1657 Adeo
275 1620 388 1657 miser
406 1631 445 1657 es
458 1650 467 1666 ,
489 1625 533 1657 ut
549 1620 724 1657 omnibus
745 1620 935 1667 indigeas5

147 1679 249 1715 Adeo
265 1678 438 1715 infirmus
451 1706 462 1724 ‚
481 1682 524 1715 ut
541 1689 647 1714 orare
667 1689 743 1715 non
763 1679 900 1723 valeas;

147 1737 249 1773 Adeo
269 1736 445 1783 ignarus,
471 1740 512 1772 ut
529 1747 598 1771 nec
617 1736 711 1772 scias
728 1736 821 1783 quid
841 1739 970 1783 petere
990 1734 1139 1771 debeas,

146 1793 293 1830 Deinde
310 1794 358 1829 ad
376 1793 558 1841 Spiritum
577 1797 747 1829 sanctum
769 1804 920 1829 recurre
935 1805 945 1835 ;

145 1852 295 1888 Postula
318 1855 360 1887 ut
382 1851 536 1898 adjuvet
561 1851 685 1886 dando
712 1862 884 1895 sensum,
910 1861 985 1898 quo
1008 1852 1111 1886 tuam
1135 1847 1324 1897 percipias
1347 1847 1460 1885 mise·

195 1909 313 1954 riam3

145 1968 277 2004 Dando
296 1969 425 2005 lumen
443 1972 480 2005 et
498 1969 633 2016 robur,
654 1979 729 2016 quo
747 1968 935 2004 discernas
954 1971 990 2004 et
1009 1968 1197 2005 desideres
1211 1977 1293 2017 quae
1310 1966 1380 2004 tihi
1394 1977 1458 2007 ne.-

199 2026 375 2071 cessaria3

148 2084 280 2119 Dando
327 2084 508 2132 gratiam,
542 2083 616 2132 qua
652 2084 859 2120 secundum
889 2086 1007 2119 Deum
1040 2093 1137 2119 ores,
1174 2081 1208 2119 Ι.
1250 2085 1333 2118 198.
1371 2084 1455 2119 199.

198 2145 285 2179 200.

150 2200 273 2237 Alium
294 2202 426 2238 orandi
446 2203 596 2238 modum
611 2231 621 2248 ,
643 2203 894 2239 omnimodam
915 2202 1063 2239 scilicet
1076 2201 1284 2238 orationem
1297 2226 1308 2246 ,
1324 2211 1393 2248 per
1405 2201 1462 2236 al-

202 2265 392 2299 ternantes
405 2289 416 2309 ,
430 2262 615 2311 simulque
628 2263 761 2300 mixtos
777 2263 911 2300 mentis
926 2268 963 2301 et
981 2262 1104 2301 cordis
1116 2266 1240 2300 motus
1254 2264 1292 2298 et
1304 2259 1460 2298 affectus

199 2320 301 2358 vide.
322 2320 374 2359 V.
400 2324 459 2358 97.
481 2325 539 2357 98.

152 2378 367 2414 Orationem
386 2379 563 2425 Apostolo
583 2378 734 2426 dignam
754 2379 853 2417 vide.
871 2378 944 2418 IV.
967 2383 1050 2416 203.
1076 2379 1161 2415 204.

153 2434 305 2477 Crescat
324 2436 485 2475 charitas
506 2437 544 2474 in
564 2436 719 2475 scientia
742 2465 753 2488 ,
770 2441 807 2475 et
830 2437 987 2476 seientia
996 2437 1037 2475 in
1058 2435 1252 2475 charitate.
1272 2431 1348 2479 IV.
1370 2435 1458 2473 204.
