1474 2658
93 80 186 134 314
445 117 450 122 .
466 88 700 124 ermom
726 91 803 123 An·
817 91 1038 125 annuos

155 155 317 198 Horum
340 168 502 208 corpora
525 160 752 196 cremantur
771 154 812 197 in
833 153 1096 198 holocaustum
1108 160 1189 206 ,ἐι
1207 153 1258 199 de
1278 159 1414 200 eurum
1471 170 1474 174 ·

95 223 276 265 carnibus
297 234 372 262 nec
391 219 633 270 sacerdotes,
655 232 730 262 nec
747 219 908 276 populus
931 218 1202 264 comedebant-J

154 286 285 328 Extra
306 290 455 326 castra.

155 349 327 404 Quando
341 348 512 392 solemne
530 347 607 390 hoc
622 350 851 403 expiationis
863 349 1089 391 sacrificium
1102 351 1314 392 institutum
1326 357 1385 392 est
1395 380 1410 403 ‚

95 416 260 471 populus
278 413 356 458 Dei
372 415 506 468 agebat
521 415 561 455 in
578 413 730 456 deserto
744 445 755 463 ,
774 415 841 456 ubi
860 420 978 455 castra
997 421 1104 456 erant
1122 414 1174 464 illi
1185 415 1291 456 urbis
1305 417 1411 466 vice,

96 485 177 524 imo
190 481 280 523 urbs
294 478 468 534 quaedam
488 479 640 520 mobilis
654 485 694 520 et
711 478 910 520 ambulans
928 494 994 533 per
1013 479 1205 521 desertum
1216 508 1230 530 ‚
1247 481 1288 521 in
1303 480 1413 533 cujus

94 547 228 590 medio
245 552 322 588 erat
345 543 644 586 tabernaculum.

154 610 263 654 Hinc
282 611 417 652 dicitur
436 616 551 649 eatm
573 618 718 650 castra.

155 673 353 729 Quidquid
380 680 506 715 autem
530 679 621 714 tune
643 687 722 714 non
748 672 849 714 licuit
874 675 971 715 intra
999 681 1140 725 castra,
1163 679 1297 727 postea
1323 684 1411 715 nou

103 741 313 783 licuitintra
331 739 481 780 urbem.

152 802 198 854 ᾖ.
226 820 290 846 12.
313 802 477 857 Propter
494 801 596 856 quud
616 809 654 841 et
672 801 810 850 Jesus,
835 808 878 842 ut
899 802 1170 855 sanctificaret
1184 819 1257 858 per
1277 816 1410 845 suum.

96 864 168 909 Gr.
191 881 259 922 per
278 867 483 920 proprium.
506 863 593 920 Syr.
615 866 799 918 sanguine
818 867 987 919 proprio.

151 926 319 984 Propter
347 930 470 984 quod,
504 928 543 969 id
573 935 656 979 est,
687 930 773 982 quia
800 927 882 970 haec
911 928 1084 970 animalia
1113 925 1254 971 Christi
1279 927 1415 982 figure

94 1002 200 1038 erant
213 1027 224 1047 ,
245 1010 311 1038 seu
329 994 652 1050 repraesentabant
677 1007 813 1046 corpus
829 1000 868 1033 et
888 996 1113 1046 sanguinem
1134 990 1301 1047 Christi,
1321 1006 1413 1048 quae

94 1060 288 1102 debebant
307 1062 345 1101 in
367 1058 589 1100 sacrificium
609 1055 736 1097 offerri
757 1070 824 1110 pro
841 1059 1060 1111 expiatione
1079 1065 1321 1114 peccatorum
1338 1065 1412 1101 to-

93 1128 167 1167 tius
191 1124 326 1166 mundi
342 1132 371 1174 3(

151 1190 270 1239 Ideo,
296 1189 334 1231 id
359 1195 435 1239 est,
459 1196 498 1230 ut
517 1188 586 1230 has
610 1187 748 1242 figuras
769 1186 996 1242 adimpleret
1017 1184 1217 1239 Christus,

156 1255 280 1296 Extra
295 1263 449 1309 portam
466 1246 570 1295 urbis
587 1250 802 1295 Jerusalem
819 1268 960 1306 passus
978 1261 1036 1294 est
1045 1283 1060 1304 ,
1078 1262 1122 1295 ut
1136 1268 1203 1309 per
1217 1255 1414 1309 proprium

91 1320 316 1371 sanguinem
331 1319 517 1372 populum
537 1333 650 1358 suum
672 1315 956 1370 sanctificaret.

152 1376 200 1426 5⁵.
221 1382 286 1425 13.
301 1384 501 1424 Exeamus
517 1399 604 1435 ergo
619 1383 675 1422 ad
687 1397 774 1422 eum
793 1373 1077 1426 anacastra.
1095 1380 1186 1438 Syr.
1203 1384 1415 1425 enimverb

92 1464 166 1492 nos
190 1465 342 1507 quoque
367 1464 548 1492 exeamus
571 1449 620 1491 ad
640 1463 729 1492 eum
755 1457 861 1490 extra
884 1456 1016 1491 castra.

153 1513 200 1557 Id
223 1522 308 1565 est,
329 1514 550 1557 exeundum
569 1516 695 1568 itaque
712 1513 828 1554 nobis
850 1520 888 1554 et
910 1513 1094 1554 omnibus
1113 1514 1178 1568 qui
1198 1512 1332 1555 volunt
1349 1515 1410 1570 ip-

90 1586 172 1626 sius
193 1583 365 1626 sacrificii
390 1584 592 1637 participes
613 1582 708 1623 fieri.

151 1645 387 1690 Exeundum
402 1678 414 1699 ‚
440 1649 593 1701 inquam
607 1676 619 1697 ‚
639 1652 747 1688 extra
770 1652 911 1690 castra.
940 1647 1080 1688 veteris
1098 1645 1242 1688 scilicet
1261 1644 1413 1688 Testa-

95 1714 240 1763 menti,
263 1718 369 1752 extra
383 1724 618 1765 synagogam
634 1716 672 1750 et
690 1709 919 1762 judaismum
932 1726 941 1756 ς
960 1708 1222 1750 accedendum
1235 1707 1284 1749 ad
1295 1720 1417 1751 novae

95 1773 314 1815 christianae
331 1770 514 1814 Ecclesiae
538 1779 678 1822 castra,
700 1772 962 1813 accedendum
982 1770 1030 1812 ad
1051 1769 1260 1813 Christum.

154 1842 443 1896 Improperium
461 1839 545 1893 ejus
562 1846 776 1893 portantes.
793 1837 882 1893 Syr.
902 1839 1023 1880 induti
1042 1839 1252 1893 opprobrio
1270 1840 1412 1892 ipsius,

96 1905 140 1948 id
157 1910 241 1957 est,
263 1905 510 1958 ignominiam
530 1903 717 1956 passionis
734 1901 830 1943 illius
849 1900 1031 1944 serentes,

154 1965 248 2010 Erat
276 1975 366 2009 tunc
388 1981 467 2007 non
496 1965 690 2007 modicum
718 1966 985 2020 opprobrium,
1022 1962 1281 2007 Christianum
1310 1964 1411 2016 dici,

67 2060 70 2063 ι
98 2033 325 2090 discipulum
349 2040 388 2074 et
410 2038 638 2074 sectatorem
665 2028 850 2074 Crucifixi
869 2034 1072 2074 nominari.

159 2093 216 2148 ff.
240 2096 304 2148 14.
326 2096 419 2137 Non
438 2097 547 2155 enimI
566 2096 753 2137 habemus
777 2096 842 2136 hic
862 2103 1127 2138 manentem...

159 2160 251 2206 Nec
270 2162 416 2213 turbet,
437 2168 498 2203 aut
518 2168 653 2204 terreat
686 2176 758 2203 nos
782 2161 858 2204 hoc
873 2163 1126 2204 voluntarium
1148 2165 1172 2204 ὲ
1197 2159 1411 2204 Jerusalem

102 2234 168 2271 aut
182 2240 377 2282 synagoga
392 2225 545 2268 exilium
561 2233 731 2267 nostrum
746 2242 756 2274 3
776 2241 850 2268 nec
868 2229 971 2268 enim
987 2241 1061 2268 nos
1080 2223 1282 2268 Christiani
1295 2227 1412 2269 fixam

100 2306 149 2334 ac
165 2291 342 2334 stabilem
359 2289 545 2331 habemus
566 2291 606 2330 in
625 2288 701 2331 hoc
724 2290 862 2331 saeculo
879 2293 1070 2332 civitatem
1086 2305 1097 2339 ;
1121 2289 1192 2332 sed
1211 2289 1314 2331 velut
1337 2303 1412 2343 pe-

100 2357 246 2411 regrini
267 2357 306 2397 in
328 2352 575 2396 tabernaculis
598 2352 812 2396 habitantes
827 2384 840 2408 ‚
866 2354 1028 2398 futuram
1054 2354 1275 2409 inquirimus
1290 2383 1301 2404 ‚
1328 2366 1414 2396 coe-

54 2460 67 2473 ,
100 2422 243 2465 lestem
260 2435 407 2478 nempe
430 2418 654 2463 Jerusalem.
