1474 2658
92 73 177 116 300
457 79 703 115 .Et³1s'1·01.AE-
722 63 783 116 An
809 76 1022 119 πωπω

149 143 222 187 Est
241 145 422 195 visibilis,
447 152 488 187 ut
511 160 638 188 mons,

151 206 240 265 Una
257 240 267 259 ‚
289 214 328 249 ut
347 211 477 250 civitas
491 238 502 259 ,
524 206 601 251 Dei
619 206 760 263 Spiritu
777 210 895 251 unita.

149 270 312 324 Sancta,
341 279 381 313 ut.
409 270 624 315 Jerusalem
653 273 834 324 coelestis,
863 274 903 315 in
932 271 1006 327 qua
1033 271 1142 316 Deus
1167 273 1344 317 adoratur
1369 275 1406 316 in

92 341 223 393 spiritu
241 345 281 380 et
300 341 473 382 veritate.
527 367 534 372 -

151 400 347 446 Catholica
363 433 376 457 ‚
396 402 568 459 Angelos
589 411 628 446 et
651 412 800 447 sanctos
819 418 955 446 omnes
974 404 1246 460 complectens.

150 469 397 524 Apostolica,
429 486 494 524 per
523 469 705 527 Spiritum
734 478 929 524 sanctum,
958 468 1236 545 Apostolorum
1263 474 1408 516 minis-

93 537 210 587 terio,
238 534 392 579 fundata
420 543 457 578 et
481 538 703 591 gubernata.

152 597 390 649 Christiana,
418 601 566 643 habens
593 598 787 657 Christum
816 599 1086 655 mediatorem,
1115 578 1339 656 pontificem
1368 609 1408 644 et

93 666 314 717 victimam,
338 669 443 720 cujus
464 671 616 721 sanguis
635 667 768 709 clamat
788 682 856 721 pro
878 669 1005 712 nobis.

71 731 73 734 ’
150 729 317 784 Divina,
336 747 452 787 opus,
473 733 586 775 sedes
605 740 642 774 et
662 733 798 774 domus
815 731 905 776 Dei.

152 796 275 848 Vide,
298 799 321 839 ὂ
341 797 555 841 Christiane
573 800 581 840 1
605 801 709 852 cujus
729 801 890 841 civitatis
911 801 962 841 sis
981 801 1089 842 civis.

151 861 268 916 Cujus
287 863 425 905 domtis
447 866 498 905 sis
518 864 760 906 domesticus.

152 926 269 981 Cujus
286 930 456 983 corporis
472 931 523 970 sis
546 930 776 971 membrum.
1048 963 1060 973 .

150 991 202 1036 Et
219 1000 500 1048 consequenter
513 994 603 1035 vide
618 995 721 1046 cujus
733 994 938 1033 sanctitatis
951 993 1090 1035 debeas
1105 1007 1190 1034 esse
1203 994 1404 1047 particeps·

150 1057 251 1102 Tuae
277 1074 370 1114 ergo
392 1060 584 1100 vocationi
604 1058 810 1113 responde.
835 1055 936 1102 Vide
959 1072 1011 1100 ne
1033 1073 1186 1101 recuses
1211 1056 1406 1100 Christum

92 1125 161 1166 tibi
180 1125 229 1167 de
249 1125 344 1168 coelo
365 1125 599 1179 loquentem.

662 1226 852 1280 Qmmb.

151 1334 302 1379 Ibidem
319 1338 523 1379 observare
550 1339 693 1391 poteris
712 1338 852 1380 veteris
871 1342 908 1378 et
924 1349 1042 1379 novae
1057 1336 1150 1391 legis
1167 1338 1407 1379 convenien-

94 1404 163 1444 tias
182 1409 219 1444 et
238 1402 603 1444 disconvenientia&

153 1463 400 1509 Conveniunt
430 1466 532 1522 quod
563 1473 720 1521 utraque
750 1465 983 1520 promulgata
1007 1472 1064 1508 est
1094 1467 1408 1520 quinquagesimo

93 1530 157 1572 die
182 1533 202 1572 a
224 1527 411 1572 Pascliate
428 1562 440 1583 ‚
477 1530 539 1572 illa
567 1533 606 1572 in
635 1528 751 1581 Sina,
780 1529 868 1571 liaec
897 1532 936 1571 in
962 1526 1057 1571 Sion
1080 1531 1164 1572 :ibi
1189 1537 1409 1573 terraemotu

93 1612 206 1639 mons
231 1599 482 1646 contremuit;
505 1597 569 1642 hic
587 1597 724 1638 domus
749 1593 1022 1651 Apostolorum
1041 1612 1051 1637 ε
1073 1597 1150 1648 ibi,
1175 1598 1272 1639 inter
1291 1596 1409 1638 flam-

95 1675 176 1702 mas
198 1663 340 1715 ignium
358 1670 396 1703 et
414 1663 589 1704 micantia
608 1661 750 1714 fulgura
768 1692 776 1712 ,
804 1662 915 1702 turbo
934 1666 1136 1702 ventorum
1154 1665 1191 1701 et
1207 1658 1332 1714 fragor
1347 1666 1407 1701 to·

97 1729 262 1767 nitruum
279 1731 471 1781 personuit
487 1745 496 1775 ;
514 1727 580 1768 hle
596 1741 682 1767 eum
700 1728 896 1779 ignearum
916 1727 1065 1767 visione
1080 1725 1291 1779 linguarum
1308 1755 1321 1778 ,
1341 1739 1410 1768 so·

96 1786 197 1833 nitus
215 1796 353 1846 pariter
375 1792 423 1833 de
443 1792 560 1842 coelo,
582 1798 762 1844 tanquam
780 1788 931 1844 spiritus
953 1789 1196 1832 vehementis
1220 1790 1376 1832 advenit
1397 1807 1408 1831 ι

95 1853 153 1900 ibi
177 1857 330 1911 clangor
352 1860 524 1899 buccinae
550 1856 643 1910 legis
664 1857 783 1896 verba
803 1857 1050 1909 perstrepuit;
1077 1855 1142 1896 hic
1166 1855 1253 1895 tuba
1278 1869 1410 1896 evan-

96 1921 214 1976 geliea
226 1918 502 1989 Apostolorum
521 1936 588 1962 ore
605 1923 755 1962 insonu·
746 1920 785 1960 t.
805 1917 846 1961 S.
859 1918 1180 1974 Hieronymusad
1196 1917 1410 1964 Fabiolam.

156 1978 495 2022 Disconveniunt
485 1994 525 2020 1n
551 1978 676 2020 multis
706 1990 793 2031 quae
822 1975 876 2019 D.
903 1975 1041 2018 Paulus
1070 1976 1213 2030 habet,
1243 1978 1298 2031 Ῡ.
1326 1993 1408 2030 22,

99 2043 177 2095 23,
204 2043 272 2095 24.

153 2108 278 2152 Multo
297 2112 531 2166 praestantior
551 2117 607 2152 est
625 2109 688 2151 lex
708 2105 848 2151 Christi
865 2124 875 2149 :
896 2107 994 2150 hanc
1013 2108 1302 2164 praecellentiam
1319 2111 1410 2153 vide

66 2188 68 2190 ’
97 2175 258 2218 ibidem.

155 2237 294 2283 Brevis
314 2255 363 2282 ex
386 2238 437 2283 D.
467 2237 682 2294 Augustino
708 2239 921 2282 differentia
947 2239 1040 2293 legis
1066 2244 1105 2280 et
1125 2235 1328 2294 Evangelii
1353 2248 1412 2283 est

96 2309 210 2349 timor
230 2313 268 2348 et
285 2321 408 2348 amor.

153 2369 187 2413 F
189 2374 254 2412 use
276 2368 330 2413 D.
344 2368 521 2412 Thomas
542 2369 607 2411 hic
623 2369 788 2423 explicat
813 2376 853 2411 et
870 2368 1011 2411 veteris
1030 2367 1122 2422 legis
1144 2373 1350 2420 terrorem,
1372 2374 1411 2410 et

93 2447 210 2478 novae
233 2435 328 2489 legis
349 2449 536 2476 amorem.
