1430 2658
0 0 297 65 5³33?
366 35 604 89 max
609 43 859 79 exposa-m.
889 27 1068 89 cmx,
1289 15 1375 79 2123.

72 103 302 173 *mia
328 105 531 162 0⁴34de
550 103 708 150 Judaeos
735 106 1043 158 animadversio,
1076 111 1123 148 ut
1147 105 1214 163 qui
1246 104 1374 160 legem

57 171 200 232 'oysi
216 168 489 228 transgreditur
500 183 570 226 per
580 175 875 225 contumaciam,
895 171 1059 214 duorum
1077 169 1141 213 vel
1160 172 1273 214 trium
1287 177 1380 228 tes—4

56 245 176 309 ίὶιιιιι
181 244 383 311 convictus
409 241 655 295 testimonio,
675 241 822 296 absque
840 239 911 283 nlla
935 230 1195 282 misericordia
1217 235 1374 283 interfi-

60 295 204 357 cietur·
1147 331 1150 334 -

122 373 282 429 Quanto
298 375 448 430 gravius
462 367 688 430 supplicium
710 374 849 416 mereri
872 373 1009 428 putatis
1028 385 1134 421 eum,
1155 372 1219 426 qui
1237 366 1378 413 Jesum'

58 438 140 485 Dei
153 438 294 484 Filium
315 442 452 494 abjecit
470 446 508 482 et
527 440 789 490 conculcavit,
813 442 878 495 qui
899 439 1073 481 divinum
1088 437 1183 479 illius
1201 435 1372 493 Sangui-

54 519 174 556 trem,
190 507 231 547 in
251 519 328 560 quo
346 518 495 546 novum
513 501 807 546 Testamentum
828 504 1046 547 dedicatum
1065 511 1148 555 est,
1166 502 1271 543 xelut
1290 517 1372 544 rem

56 570 257 633 profanam
283 571 544 625 contempsit,
568 573 777 626 praesertim
800 574 895 613 vero
916 578 1121 626 postquam
1139 572 1181 612 in
1199 568 1277 610 hoc
1301 583 1371 610 sa-

57 653 126 680 cro
144 635 341 693 Sanguine
359 651 429 692 per
461 634 701 692 Baptismum
724 637 979 679 sanctificatus
1000 644 1079 687 est;
1115 637 1180 692 qui
1203 633 1372 688 denique

57 700 268 757 Spiritum,
297 704 427 757 gratiae
443 708 638 744 auctorem
664 708 702 744 et
731 702 973 756 largitorem,
997 700 1273 745 contumeliose
1303 715 1372 741 re-

60 768 150 820 jecit
167 767 177 807 !

118 826 206 872 Nos
236 831 342 872 enim
373 832 489 872 sacris
516 828 718 885 scripturis
745 831 939 883 instructi,
966 831 1147 872 novimus
1182 844 1271 872 eum
1306 831 1373 882 qrii

58 896 163 940 dixit
185 912 196 937 :
221 893 322 939 Mihi
346 897 515 945 vindicta
536 898 745 951 competit,
775 904 812 939 et
835 912 906 952 ego
924 897 1150 953 rependam.
1181 895 1373 939 Novimus

61 970 102 1006 et
129 961 276 1005 ibidem
296 965 479 1019 scripturn
503 977 589 1006 esse
613 979 622 1004 :
655 961 758 1016 Quia
782 963 962 1017 judicabit
979 961 1172 1006 Dominus
1190 961 1372 1017 populum

68 1043 194 1071 suum.

115 1094 224 1138 Hinc
241 1096 334 1149 ergo
351 1094 565 1146 judicemus
586 1098 700 1150 quam
719 1095 955 1138 horrendum
973 1097 1042 1146 sit,
1065 1095 1201 1138 talibus
1223 1095 1369 1136 admis÷

58 1162 111 1203 sis
127 1161 363 1209 criminibus,
387 1159 558 1202 incidere
577 1163 616 1202 in
638 1175 772 1205 manus
794 1159 870 1203 Dei
889 1162 1075 1213 viventis,
1095 1168 1135 1204 et
1155 1160 1244 1202 ideo
1262 1174 1371 1202 sem-

63 1238 134 1279 per
151 1226 286 1280 punire
304 1223 479 1267 valentis.

117 1296 211 1340 Hoc
224 1313 275 1340 ne
291 1299 356 1340 fiat
374 1300 414 1340 in
432 1300 561 1350 vobis,
585 1300 623 1340 in
640 1301 865 1341 memoriam
884 1307 1051 1342 vestram
1070 1306 1251 1343 revocate
1271 1313 1376 1355 prze-

63 1366 217 1406 teritum
237 1366 346 1419 primi
362 1363 523 1406 fervoris
536 1367 652 1406 vestri
672 1372 838 1420 tempus,
860 1380 936 1420 quo
954 1370 1088 1408 recens
1104 1366 1302 1407 illuminati
1322 1365 1374 1406 fi-

60 1429 124 1471 dei
147 1429 312 1480 lumine,
336 1444 406 1485 per
423 1427 667 1485 Baptismnm
685 1462 697 1483 ,
724 1446 792 1486 pro
817 1429 890 1472 bac
913 1431 989 1474 fide
1008 1430 1148 1474 tuenda
1163 1463 1174 1481 ,
1195 1430 1374 1487 frequens

67 1501 107 1537 et
140 1509 321 1550 magnum
342 1493 591 1537 afflictionum
609 1503 803 1538 certamen
821 1495 966 1537 fortiter
983 1498 1228 1547 sustinuistis,

118 1567 265 1612 Partim
288 1569 443 1625 quidem
463 1571 677 1624 opprobriis
692 1577 727 1610 et
745 1570 1047 1612 tribulationibus
1069 1570 1188 1624 palam
1206 1572 1372 1624 exposi==

62 1637 115 1683 tiz
140 1637 274 1687 partim
305 1637 399 1676 vero
422 1633 506 1676 talia
534 1632 734 1684 ferentium
756 1636 957 1689 participes
975 1649 1045 1689 per
1064 1633 1284 1676 charitatem
1308 1632 1372 1676 (ff-

60 1698 165 1742 secti.

118 1778 222 1823 Nam
252 1786 290 1822 et
309 1781 354 1821 iis
374 1782 438 1835 qui
459 1795 527 1834 pro
555 1777 711 1822 Christo
738 1783 857 1823 vincti
877 1786 982 1822 erant
1000 1812 1011 1832 ,
1038 1782 1226 1835 compassi
1251 1783 1341 1822 estis
1358 1793 1370 1814 τ

66 1860 279 1901 eorumque
298 1845 432 1888 dolore
450 1846 640 1898 doluistis,
660 1854 696 1888 et
717 1847 972 1902 direptionem
991 1846 1205 1888 facultatum
1229 1853 1381 1888 vestra-⁴

64 1923 147 1953 rum
165 1926 246 1953 non
267 1913 454 1968 patienter
473 1913 619 1954 tantum
644 1912 791 1963 tulistis,
814 1914 882 1954 sed
900 1921 936 1955 et
956 1912 1135 1963 hilariter,
1149 1912 1225 1954 fide
1240 1914 1371 1953 scien-

63 1983 124 2019 tes
141 1976 376 2018 vosmeliora
386 1984 423 2019 et
435 1992 628 2033 nunquam
642 1980 805 2034 peritura
822 1980 924 2020 bona
940 1992 1181 2034 possessuros
1196 1980 1236 2020 in
1249 1977 1372 2019 coelis.

120 2043 248 2087 Tanta
265 2049 379 2102 passi,
401 2054 595 2104 tantasque
613 2050 713 2106 apud
732 2049 862 2092 Deum
883 2065 977 2106 opes
994 2052 1136 2103 meriti,
1155 2065 1205 2093 ne
1225 2064 1291 2105 per
1308 2052 1369 2092 in—

62 2111 286 2155 fidelitatem
313 2113 477 2168 perdatis
505 2116 684 2158 fiduciam
721 2115 824 2158 tanta
856 2116 1035 2159 mercede
1065 2116 1243 2160 fruendi:
1275 2123 1372 2159 state

62 2179 191 2232 itaque
211 2185 248 2220 et
271 2186 526 2233 perseverate.

120 2255 310 2302 Patientia
342 2263 446 2303 enim
470 2270 507 2304 et
534 2264 815 2316 perseverantia
844 2265 957 2306 vobis
979 2265 1190 2309 necessaria
1215 2269 1298 2311 est,
1331 2269 1370 2304 ut

64 2328 240 2379 usquein
261 2327 382 2368 finem
401 2325 476 2370 Dei
490 2328 723 2371 voluntatem
750 2328 957 2385 facientes,
984 2333 1209 2388 promissam
1235 2331 1365 2385 perci-

66 2388 175 2439 piatis
196 2390 385 2432 mercedis
405 2395 769 2437 remunerationem.
