1430 2658
98 87 154 154 36
469 94 680 139 eursrorffl
708 93 764 124 An
794 92 1000 127 nmmos

153 159 229 205 Sed
244 163 378 216 primus
397 173 526 202 sensus
542 156 691 199 videtur
704 157 1006 208 germanion,
1171 174 1174 179 >
1221 166 1289 205 (τ

152 223 292 268 Probat
316 226 415 266 enim
445 221 648 278 Apostolus
681 219 848 262 decuisse
875 218 1066 263 Christum
1088 217 1194 272 pati,
1220 223 1283 269 et
1290 230 1378 273 ρμ·

101 293 307 347 passionem
325 290 594 340 consummari,
615 287 715 340 quasi
736 285 905 328 diceret:
996 319 997 322 ,

149 353 266 396 Decet
285 354 499 409 pontificem
517 353 576 407 qui
593 349 817 404 sanctificat,
847 357 884 392 et
899 362 963 392 eos
983 348 1044 403 qui
1064 346 1114 388 ab
1131 319 1195 389 itto
1212 348 1368 398 sumti-

96 419 270 468 ficantur,
288 418 452 471 ejusdem
475 430 557 458 esse
574 421 727 456 naturae.

147 483 248 540 Ergo
267 485 386 527 decuit
407 492 445 526 ut
474 480 663 534 Christus,
697 484 759 536 qui
785 480 971 535 pontifex
967 493 1012 525 ac
1027 478 1219 527 mejdhtot
1234 484 1376 527 nodet

96 558 175 601 est,
209 551 374 603 ejusdem
394 556 488 592 esset
516 549 710 590 nobiscum
740 555 878 590 naturae
902 546 1107 602 passibilis,
1132 544 1302 623 mortalis
1328 551 1371 587 et

96 615 253 655 miserae.

153 678 311 731 Propter
322 691 432 730 quam
447 690 630 716 causam..
1286 698 1292 703 -

151 741 263 796 Quod
279 749 402 784 autem
422 739 587 783 Christus
610 740 743 781 revera
761 737 867 779 fuerit
889 736 1069 790 ejusdem
1074 724 1285 787 110le
1297 750 1377 786 nj—

89 819 200 861 turae‚
225 813 358 866 probat
386 824 433 851 ex
458 824 503 851 eo
534 808 630 863 quod
652 821 729 848 non
759 808 902 849 erubuit
939 806 1000 848 ille
1028 805 1110 851 tatis
1133 820 1179 849 ac
1214 811 1374 860 umus,

95 883 136 917 ut
157 874 493 929 cap.1‚dic1um,
522 887 590 914 nos
611 870 738 912 fratres
758 886 844 912 suos
862 884 1029 924 vocare,
1046 870 1180 919 dicens
1197 870 1374 915 oreson-

103 939 210 980 vidis.
231 936 331 979 Psal.
353 952 432 978 21:

158 1001 216 1056 Υ.
237 1019 298 1044 12.
320 1001 514 1043 Nuntiabo
532 1014 666 1040 nomen
683 1006 785 1038 {uum
798 996 985 1049 frutribus
1003 999 1115 1041 meins
1159 1020 1168 1027 ·

157 1065 268 1120 Quod
298 1066 359 1107 hic
380 1064 537 1120 psalmus
564 1064 610 1104 ad
636 1061 810 1104 Messiam
835 1065 1040 1116 pertineat,
1074 1043 1266 1113 indicavit
1286 1062 1378 1116 ipse

101 1131 293 1176 Christus'
283 1146 321 1172 m
341 1146 446 1172 cruce
464 1130 595 1183 magna
607 1144 699 1171 voce
716 1131 958 1183 pronuntians
972 1128 1069 1173 illius
1083 1129 1253 1179 initium.
1265 1129 1379 1175 Deus

103 1212 223 1246 meus,
249 1198 352 1237 Deus
373 1210 491 1242 meus,
513 1201 585 1234 etc.

156 1255 202 1304 Ῠ.
228 1260 288 1303 ι3.
307 1260 358 1300 Et
374 1262 533 1301 lterum
538 1257 648 1302 Asai.
666 1259 709 1301 8.
744 1273 806 1313 17
823 1255 906 1312 Ego
929 1231 1135 1311 Christus,
1154 1228 1196 1300 ut
1220 1255 1379 1310 homo,

102 1331 143 1371 in
162 1329 322 1370 adversis
338 1344 397 1368 ero
408 1327 450 1380 s
451 1328 580 1367 dens
565 1344 604 1368 m
620 1343 720 1377 eum,
747 1329 846 1379 juxta
866 1329 1100 1382 septuaginta
1115 1355 1130 1378 ,
1149 1331 1186 1368 et
1202 1330 1380 1381 praesto-

104 1393 207 1433 labor
226 1407 322 1442 eum,
338 1395 384 1432 ait
405 1390 674 1445 Hieronymus,
692 1392 730 1433 id
749 1399 816 1442 est,
835 1393 912 1444 ejus
933 1391 1113 1433 auxilium
1130 1391 1171 1431 in
1184 1401 1382 1444 (1410ιωὶ1-

110 1466 310 1512 sequenter
331 1458 490 1500 confido.
1228 1483 1233 1487 -
1257 1486 1262 1495 ,

165 1517 252 1571 Qua
276 1534 367 1561 voce
387 1520 564 1574 significat
589 1534 629 1561 se
650 1519 842 1561 hominem
865 1526 902 1562 et
933 1519 1085 1563 fratrem
1105 1525 1309 1571 nostrum,
1338 1523 1386 1563 et

110 1586 265 1626 miseriis
292 1587 511 1628 obnoxium.
1351 1609 1354 1612 >

166 1650 216 1689 Et
242 1651 410 1691 iterum...
438 1649 520 1691 lsai
543 1650 673 1692 8.18.
704 1651 782 1704 Ego
802 1659 837 1691 et
867 1654 943 1692 mei
961 1651 1172 1707 spirituales
1179 1650 1274 1706 filu
1287 1664 1389 1704 quos

107 1713 211 1752 mihi
222 1713 321 1752 dedit
341 1714 453 1754 Pater
470 1722 510 1754 ut
527 1728 591 1755 eos
608 1729 886 1768 regenerarem3
905 1718 1020 1767 mihi,
1039 1717 1180 1760 scilicet
1195 1723 1236 1763 ul
1250 1715 1389 1759 homi-

117 1777 179 1825 ni,
199 1790 274 1816 non
292 1784 330 1818 ut
349 1776 455 1828 Deo,
479 1780 558 1833 quia
579 1787 616 1820 ut
635 1783 686 1821 sie
700 1811 709 1828 ,
736 1785 807 1823 mei
827 1790 940 1825 erant.

171 1837 246 1880 Hic
262 1846 380 1882 textus
398 1849 451 1883 est
468 1842 661 1886 conformis
679 1843 787 1887 Joan.
814 1861 878 1901 17,
898 1840 944 1890 JV.
957 1847 984 1890 6
1005 1863 1015 1888 ι
1036 1847 1114 1888 Tui
1129 1851 1259 1895 erant,
1278 1851 1318 1886 et
1339 1851 1388 1886 tu

114 1918 178 1944 eos
203 1905 299 1944 mihi
324 1907 472 1948 dedisti.

170 1965 266 2009 Haec
281 1983 366 2024 ergo
387 1974 499 2013 verba
518 1972 610 2013 dixit
627 1970 758 2026 haias,
783 1981 822 2015 ut
842 1972 978 2018 Christi
1000 1977 1120 2030 ligura
1149 1983 1189 2019 et
1209 1988 1387 2031 precur-

116 2046 194 2074 sor.

167 2090 214 2139 35.
234 2097 293 2147 14.
315 2098 413 2152 Quia
429 2115 512 2153 ergo
526 2104 633 2154 pueri
650 2106 1014 2149 communicauerunt
1031 2108 1198 2151 carm'....
1225 2106 1274 2151 id·
1288 2085 1352 2148 §sk
1367 2135 1386 2155 ο

118 2161 200 2213 quia
218 2158 386 2202 homines
405 2178 495 2216 quos
518 2163 683 2207 Christus
699 2166 824 2210 fratres
843 2178 878 2211 et
907 2171 1000 2212 filios
1019 2186 1108 2214 suos
1143 2169 1394 2216 voeatvconoe·

117 2227 410 2271 manicaverunt.
430 2228 511 2284 Syr.
535 2235 727 2287 participes
745 2233 893 2277 suerunt
909 2267 919 2287 ,
946 2238 983 2278 id
1006 2244 1087 2288 est,
1117 2242 1294 2280 constant
1308 2248 1395 2276 m-

117 2289 194 2330 tura
212 2289 340 2344 fragili,
362 2294 520 2346 passibili
539 2303 575 2337 et
595 2300 734 2339 mortali
744 2308 903 2355 utpote
921 2305 981 2358 qui
999 2318 1132 2359 corpus
1148 2303 1295 2346 habent
1309 2312 1394 2342 mr·

113 2368 229 2457 geum
251 2363 287 2398 et
306 2362 570 2419 sanguineum,
594 2370 630 2404 et
655 2364 740 2407 ideo
759 2367 913 2409 infinitis
928 2370 1136 2412 obnoxium
1165 2371 1400 2413 incomm-

145 2432 187 2460 is.

1400 144 1409 165 Ι
