1474 2658
0 61 2 64 V
269 136 272 139 Ι
311 45 782 125 τιριιπ--ωοειπο,
805 76 1058 134 caprIH.
1255 78 1343 125 315

78 149 268 199 mex
289 154 589 210 quatuor-‘causis
603 167 692 208 quae
714 152 796 195 dari
815 161 974 208 possunt
991 154 1040 196 de
1058 151 1133 197 hac
1151 169 1342 200 caeremo-

30 214 118 274 ni3‚
135 233 202 263 cur
217 220 362 262 scilicet
373 218 503 262 hircus
521 225 561 262 et
580 218 720 261 vitulus
736 224 844 259 extra
865 225 984 260 castra
1001 221 1340 278 comburerentur,
1366 225 1369 230 ’

31 283 152 325 trost
170 279 224 325 D.
245 278 369 325 Paulo
386 283 427 325 in
445 282 619 328 versibus
639 279 944 334 praecedentibus
966 284 1159 337 assignari.

89 342 251 399 Primo,
275 345 516 399 allegoricam
540 361 551 386 ι
574 343 813 403 significabat
838 341 1037 387 Christum
1066 354 1172 389 extra
1192 355 1347 403 portam

32 422 259 464 passurum,
278 407 324 455 †.
348 423 415 452 υ.

24 488 29 490 ·
89 471 270 516 Secundo
282 503 294 523 ‚
317 471 588 528 tropologicam
607 488 617 513 ε
635 472 872 526 significabat
890 486 962 514 nos
979 479 1085 514 extra
1105 480 1222 515 castra
1238 478 1354 518 exire

33 536 178 580 debere
198 543 239 579 ut
259 537 308 579 ad
326 533 523 578 Christum
542 536 827 579 accederemus.

90 598 228 644 Tertio
240 632 252 654 ‚
267 603 511 656 anagogicam
533 616 542 641 ε
563 601 800 655 significabat
815 614 887 641 nos
904 602 943 641 in
967 599 1040 642 hac
1059 601 1135 642 vita
1152 603 1352 644 civitatem-

34 684 116 712 non
134 669 298 712 habere.

91 732 315 778 Litteralem
332 734 483 781 omisit;
503 731 590 774 haec
604 740 732 775 autern
750 736 857 773 erat:
875 737 916 773 ut
930 728 1003 772 hac
1025 733 1257 774 crematione
1272 747 1348 774 ex-

34 801 212 842 citaretur
231 799 367 842 horror
391 799 551 854 peccati.

91 859 380 915 Significabatur
412 862 516 902 enim
542 859 646 915 quod
670 865 871 914 peccatum
895 865 932 900 et
957 867 1133 913 peccator
1161 861 1348 903 deberent

36 933 144 970 extra
159 926 345 968 mundum
365 928 523 968 cremari
538 955 551 977 ‚
570 926 711 967 scilicet
726 956 737 976 ‚
761 928 799 966 in
821 923 983 966 inferno.

93 987 143 1040 ᾖ.
169 990 235 1033 ι5.
252 988 333 1030 Per
353 992 479 1044 ipsum
498 1006 585 1045 ergo
603 989 820 1045 offeramus
843 990 1013 1030 hostiam
1032 991 1162 1035 laudis
1185 1007 1351 1046 semper.

38 1052 110 1098 Gr.
131 1069 200 1110 per
219 1068 357 1106 omne,
375 1056 471 1097 Deo.

91 1118 140 1162 ld
155 1128 240 1173 est,
263 1123 502 1162 cruentarum
520 1120 730 1162 hostiarum
748 1121 833 1162 vice
850 1151 860 1172 ‚
883 1135 952 1175 per
969 1116 1164 1162 Christum
1183 1121 1348 1176 pontifi-

37 1200 122 1228 cem
140 1193 178 1229 et
197 1186 448 1228 mediatorem
471 1193 643 1228 nostrum
667 1200 818 1239 semper
838 1183 1054 1238 offeramus
1076 1187 1157 1227 Dco
1178 1186 1348 1227 hostiam

34 1251 165 1292 laudis
187 1266 200 1291 .-
222 1250 392 1306 hymnos
405 1280 416 1301 ‚
439 1251 605 1305 psalmos
619 1281 630 1301 ‚
651 1252 851 1304 gratiarum
869 1251 1052 1292 actiones.

93 1315 283 1356 Fructum
303 1315 520 1364 labiorum,
551 1317 699 1370 primo,
722 1316 808 1368 quia
832 1314 940 1356 labiis
962 1317 1239 1368 pronuntiatur.
1266 1314 1350 1358 Se-

36 1380 186 1431 cundo,
207 1382 293 1436 quia
311 1382 417 1435 quasi
439 1379 623 1422 fructibus
645 1382 684 1420 in
711 1393 802 1433 agro
825 1386 956 1420 nostro
984 1381 1102 1429 natis,
1133 1387 1171 1421 et
1196 1378 1285 1422 Deo
1308 1383 1349 1422 in

35 1444 263 1487 sacrificium
288 1446 448 1496 oblatis,
470 1447 596 1499 ipsum
615 1444 808 1486 laudamus
830 1451 870 1486 et
891 1443 1156 1498 glorificamus.

93 1508 207 1555 Bene
225 1513 339 1553 etiam
356 1525 424 1565 per
440 1511 609 1551 hostiam
627 1511 757 1551 laudis
766 1512 1001 1551 sanctissima
1017 1507 1251 1550 Eucharistia
1267 1524 1348 1564 po-

35 1584 111 1620 test
132 1577 315 1632 intelligi,
340 1591 426 1632 quae
446 1591 514 1631 per
536 1577 799 1618 excellentiam
821 1582 878 1618 est
907 1576 1030 1617 hostia
1060 1575 1177 1617 laudis
1199 1582 1237 1617 et
1256 1589 1349 1630 gra-

36 1645 174 1684 tiarum
197 1645 322 1694 actio,
349 1648 482 1697 estque
499 1639 654 1691 fructus
681 1642 873 1681 labiorum
898 1640 1167 1694 confitentium
1197 1643 1354 1682 nomini

37 1706 121 1761 ejus
134 1733 148 1757 ,
166 1706 208 1748 id
223 1713 302 1758 est,
320 1720 415 1760 opus
428 1705 614 1747 labiorum
633 1704 920 1747 sacerdotalium
937 1736 948 1757 ,
970 1703 1045 1747 Dei
1059 1719 1204 1746 nornen
1221 1706 1350 1748 bene-

37 1771 264 1815 dicentium.

94 1834 148 1879 Et
165 1836 270 1879 hunc
289 1849 442 1878 sensum
465 1835 617 1878 videtur
639 1837 791 1890 exigere
811 1834 856 1881 Ῡ.
882 1851 958 1888 10,
984 1836 1172 1877 habemus
1191 1838 1316 1878 altore
1336 1853 1351 1878 .-

37 1902 132 1946 hinc
147 1905 187 1946 in
205 1902 359 1958 paraph.
383 1905 526 1958 primus
546 1909 618 1944 est.

96 1965 145 2017 ᾖ.
181 1967 249 2010 16.
279 1966 559 2022 Beneficentioe
591 1973 722 2007 autem
750 1973 787 2006 ct
815 1967 1142 2008 communionis...
1172 1964 1260 2021 Syr.
1298 1981 1350 2009 ne

41 2032 320 2075 obliviscamini
347 2034 692 2075 commiserationis
722 2037 761 2072 et
790 2034 1144 2074 communicationis
1173 2034 1215 2073 in
1238 2047 1348 2087 pau-

38 2111 166 2153 peres.

97 2160 402 2216 Beneficentzhe,
421 2160 459 2201 id
478 2168 558 2210 est,
580 2159 812 2201 liberalitatis
826 2165 864 2200 et
882 2161 1189 2210 communionis,
1210 2160 1249 2202 id
1265 2168 1344 2212 est,

39 2229 397 2272 communicationis
414 2225 628 2268 facultatum
648 2233 858 2267 vestrarum
880 2227 919 2266 in
939 2239 1136 2279 pauperes,

96 2293 233 2335 Nolite
251 2292 442 2340 oblivisci,
461 2290 548 2333 licet
565 2304 636 2332 vos
655 2291 725 2344 ipsi
745 2288 965 2332 sitisessecti
984 2304 1189 2344 paupere8‚
1207 2293 1347 2347 rapinis

38 2361 232 2403 bonorum
250 2367 482 2407 vestrorum;

100 2423 223 2479 Quasi
248 2425 414 2476 diceret,
441 2425 492 2465 ait
520 2419 574 2465 D.
603 2419 780 2464 Thomas
802 2437 812 2462 t
838 2419 944 2464 Olim
969 2436 1084 2477 opere
1107 2423 1352 2465 exhibebatis
