1430 2658
309 67 765 147 rann-mosum.
793 99 894 156 Cap.
921 99 1025 145 XII.
1256 99 1344 157 ²7⁵
1386 154 1400 172 v

312 334 539 383 CAPUT
561 332 1048 383 DUODEC1MUM.

533 475 820 535 Paraphrosr‘s.

0 613 2 615 ’
26 579 165 661 Ctm
193 620 307 673 igitur
341 623 487 660 tantum
515 615 726 659 habeamus
754 629 894 670 agmen
930 615 1128 657 illustrium
1168 614 1219 657 de
1246 615 1340 657 fidei

22 683 199 738 potentia
219 692 259 727 et
278 685 434 727 utilitate
458 686 611 726 testium
626 713 638 735 ‚
662 685 725 737 qui
744 697 814 724 nos
825 683 987 724 nubium
1010 685 1050 724 in
1071 697 1244 735 morem,
1264 697 1340 725 un-

22 748 139 804 dique
159 750 337 803 sepiunt,
358 749 577 801 abjiciamus
593 750 615 788 a
637 748 751 788 nobis
767 761 882 788 onera
900 748 1050 796 omnia,
1066 755 1107 789 et
1124 750 1337 803 praesertim

15 820 249 869 peccatum,
278 807 352 854 nos
385 815 491 868 quasi
524 815 641 855 vestis
669 815 938 860 circumstans;
976 815 1145 868 totisque
1162 813 1338 867 viribus,

15 878 158 920 alacres
173 883 213 921 et
230 876 416 932 expediti,
435 892 626 920 curramus
646 891 732 919 rum
752 876 932 932 patientia
955 891 1109 919 cursum
1124 878 1238 920 nobis
1257 893 1342 934 pro·

19 946 211 999 positum,
235 945 340 997 cujus
363 944 539 985 bravium
554 950 695 985 aeterna
712 942 925 985 beatitudo.

79 1006 334 1060 Curramus,
323 1023 496 1064 inquam,
529 1007 691 1049 ocutos
681 1023 702 1049 a
726 1005 894 1059 Christo,
916 1007 1007 1050 fidei
1027 1015 1166 1051 nostrae
1184 1016 1339 1051 auctore

18 1081 59 1118 et
81 1080 416 1124 consummatore,
450 1089 529 1115 non
562 1073 827 1126 dimoventes,
868 1076 932 1128 qui
949 1105 962 1127 ,
995 1073 1080 1115 loco
1106 1074 1232 1129 gaudii
1262 1089 1339 1129 quo

16 1138 90 1181 frui
106 1146 280 1194 poterat,
306 1139 425 1181 libere
446 1145 483 1179 et
507 1137 720 1179 voluntarie
749 1151 900 1179 crucem
919 1136 1113 1191 praeelegit
1129 1167 1141 1188 ,
1165 1139 1341 1192 ignomi-

17 1203 83 1248 nia
98 1206 159 1247 tali
179 1205 363 1262 supplicio
383 1204 585 1258 conjuncta
603 1219 684 1246 non
701 1204 926 1256 retardatus,
950 1210 988 1246 et
1006 1210 1210 1259 propterea
1231 1205 1339 1245 assi-

17 1270 86 1313 det
101 1285 206 1313 nunc
225 1270 364 1313 dexter
382 1271 586 1324 magnifico
607 1267 684 1312 Dei
708 1267 834 1311 Patris
849 1268 1004 1310 throno.

75 1332 244 1378 Assidue
263 1338 374 1390 igitur
392 1342 430 1377 et
452 1337 553 1377 serio
570 1336 731 1388 cogitate
756 1335 840 1389 quis
866 1333 927 1374 ille
943 1333 1028 1395 sit?·
1041 1347 1126 1388 quae
1145 1339 1184 1374 et
1198 1334 1219 1373 a
1244 1334 1339 1389 qui-

13 1402 90 1443 bus
104 1431 116 1453 ‚
130 1402 311 1443 nimirum
330 1403 351 1441 a
373 1401 564 1443 sceleratis
577 1430 587 1450 ,
613 1413 745 1455 passus
763 1402 813 1440 sit
830 1399 988 1454 probra,
1018 1404 1209 1440 tormenta
1222 1429 1234 1448 ,
1251 1396 1340 1439 vul-

16 1467 140 1510 nera?
170 1468 309 1523 quibus
324 1497 336 1519 ,
364 1469 396 1508 si
418 1480 506 1521 quae
531 1467 705 1521 patimini
727 1465 929 1509 conseratis
943 1496 955 1517 ,
975 1480 1047 1507 vos
1073 1465 1233 1519 pudebit
1260 1471 1338 1507 tarn

15 1529 116 1577 levia
130 1533 318 1586 patientes
333 1534 464 1572 animo
483 1530 663 1578 deficere.

53 1592 143 1637 'Ne
159 1597 357 1636 minimam
391 1594 546 1649 quidem
564 1596 757 1647 sanguinis
780 1593 963 1648 guttulam
984 1592 1170 1634 hactenus
1189 1591 1338 1634 fudistis

16 1661 59 1703 in
83 1661 291 1702 certamine
313 1659 417 1713 quod
437 1665 597 1712 peccato
618 1661 858 1712 resistentes,
886 1660 1140 1707 sustinuistis;
1160 1655 1337 1700 Christus

16 1731 113 1769 verb
134 1733 255 1770 totum
274 1742 384 1769 suum
407 1724 639 1782 Sanguinem
657 1726 752 1768 fudit
776 1741 846 1781 pro
869 1728 982 1768 vobis
999 1743 1008 1767 t
1026 1726 1128 1769 hanc
1148 1741 1240 1781 ergo
1267 1724 1338 1768 Fi-
1369 1757 1375 1765 ,

10 1793 54 1835 tii
74 1791 156 1836 Dei
174 1809 244 1849 pro
264 1795 378 1835 vobis
395 1796 615 1848 passionem
637 1795 738 1835 serie>
758 1793 985 1848 perpendite
998 1825 1010 1848 ,
1031 1801 1069 1837 et
1090 1808 1161 1836 vos
1184 1795 1224 1835 in
1240 1808 1336 1837 ves-

10 1859 83 1904 tris
99 1860 338 1914 passionibus
357 1861 488 1900 animo
504 1873 583 1900 non
602 1858 801 1900 deficietis.

71 1918 195 1964 Anne
208 1922 316 1965 obliti
331 1925 420 1965 estis
436 1923 579 1965 divinae
598 1924 694 1965 iliius
708 1920 911 1979 Scripturae
927 1954 939 1975 ,
961 1926 1001 1966 in
1020 1921 1094 1978 qua
1109 1921 1219 1966 Deus
1234 1939 1305 1967 vos
1322 1955 1336 1978 ‚

14 1995 197 2043 tanquam
215 1988 312 2029 filios
327 2003 415 2030 suos
428 2019 439 2039 ,
458 1989 679 2030 adhortatur
701 1996 739 2030 et
754 1989 897 2030 solatur
910 1989 970 2030 his
987 1990 1119 2031 verbis
1137 2005 1146 2029 :
1165 1987 1239 2031 Fili
1254 1992 1335 2043 mi,

17 2066 71 2094 ne
90 2053 240 2103 rejicias
260 2054 545 2106 correptionem
565 2051 728 2095 Domini
746 2084 757 2105 ,
786 2067 860 2094 nec
885 2053 1042 2095 deficias
1067 2053 1116 2094 ad
1141 2056 1224 2107 ejus
1241 2068 1336 2095 cas-

13 2117 265 2172 tigationem,
304 2130 392 2172 quae
420 2117 564 2160 divinae
598 2118 680 2171 ejus
712 2120 753 2159 in
786 2124 824 2159 te
861 2118 1146 2161 benevolentiae
1181 2121 1335 2174 signum

15 2190 97 2225 est.
88 2183 106 2213 'r'

75 2262 208 2318 Quem
228 2265 331 2306 enim
356 2262 550 2307 Dominus
569 2265 715 2320 diligit,
740 2265 844 2308 hunc
863 2265 978 2321 hujus
1003 2269 1095 2310 vitae
1113 2266 1222 2310 malis
1244 2280 1337 2308 cor·

15 2331 134 2387 ripit,
152 2338 194 2373 ut
213 2330 382 2381 erudiat,
404 2331 586 2373 emendet
601 2338 638 2372 et
657 2338 853 2374 exerceat.

74 2393 258 2446 (Nostrae
291 2398 408 2438 etiam
437 2396 653 2449 adoptionis
679 2400 702 2438 a
734 2395 823 2439 Deo
849 2399 1001 2453 signum
1028 2404 1112 2440 est·
1103 2428 1114 2447 ,
1135 2398 1150 2447 )
1174 2394 1338 2451 flagellat

13 2460 123 2502 enim
141 2456 250 2502 Deus
271 2474 429 2502 omnem
451 2475 567 2516 quem
585 2462 720 2516 recipit
737 2463 777 2502 in
793 2460 926 2505 filium.
