1474 2658
83 46 175 91 320
472 56 691 91 ensa-om
719 58 780 91 sn
808 61 1020 95 munus

147 118 271 174 Quasi
287 118 434 163 diceret
449 118 638 165 :Habent
650 120 879 176 dignitatem
887 155 899 177 ,
908 124 1019 168 hanc
1046 136 1231 172 rm
1240 152 1262 180 q
1270 127 1405 175 cen-tob

89 185 190 228 ittam
211 186 266 226 eis
280 184 411 227 obedi.

149 246 428 291 Obediendum
444 263 537 304 ergo
558 250 671 292 etiam
687 248 857 306 dyscolis
873 257 914 293 et
929 245 1406 309 mattsproehtbffimnor-

84 328 176 370 que
193 315 285 366 ipsis
299 313 350 355 ob
365 312 589 368 dignitatem
608 313 866 358 exhibendus.

150 375 240 434 Ipsi
252 381 355 422 em'm
375 381 646 434 pervigilant...
662 384 847 424 rationem
864 390 1010 425 nostroe
1026 383 1277 434 subiectionis
1289 390 1330 426 et
1342 396 1406 426 re-

89 448 282 489 verentiae
295 445 358 488 det
377 445 587 501 Apostotus
602 463 611 488 :
629 447 818 490 debemus
833 451 888 491 eis
905 450 1067 493 obedire
1081 479 1095 500 ,
1119 462 1265 504 eosque
1276 460 1401 493 reve·

87 512 167 552 teri
183 541 196 563 ,
211 511 298 564 quia
318 517 472 566 propter
495 525 566 551 nos
585 512 773 553 incumbit
790 514 846 553 eis
862 511 968 555 labor
991 519 1031 555 et
1047 510 1272 566 perieulum.

153 573 309 617 Instruit
325 575 470 617 eisdem
488 577 617 617 verbis
634 576 810 632 praelatos
830 594 840 620 ε

151 643 240 697 Ipsi
249 645 353 684 enim
369 645 640 697 peroigHant...

151 705 320 748 Audiant
342 721 432 760 ergo
452 709 645 762 principes
661 739 674 759 ,
694 707 839 764 praelati
853 741 864 761 ,
886 715 1056 751 rectores
1069 738 1082 760 ,
1108 708 1290 765 quoniam
1309 707 1408 749 sicut

87 770 317 813 obedientes
345 779 495 827 oportet
526 787 611 814 esse
638 773 835 826 subditos,
862 776 918 815 sic
944 773 1146 827 vigilantes
1179 777 1218 814 et
1255 770 1408 812 sobrios

99 841 257 889 oportet
277 849 361 877 esse
379 843 546 877 rectores
563 868 574 888 ‚
605 837 655 877 ait
673 834 727 878 D.
746 835 1062 892 Chrysostomus.

158 899 287 953 Quasi
317 902 513 941 rationem
546 902 775 944 reddituri...
806 902 846 943 id
874 909 958 954 est,
990 901 1165 942 imminet
1197 898 1407 954 periculum

27 964 30 967 ⁴
91 964 178 1016 ejus
194 966 304 1018 capiti
319 981 329 1012 ς
357 972 510 1018 propter
525 972 561 1006 te
577 966 826 1018 subjiciuntur
843 967 966 1020 poenis
980 969 1224 1019 peccatorum
1239 970 1408 1006 tuorum.

94 1025 207 1070 Idem
223 1025 271 1070 D.
291 1025 608 1083 chrysostomus.

153 1089 243 1132 Hoc
257 1098 314 1134 est
334 1094 544 1134 maximum
569 1092 797 1147 periculum,
820 1094 871 1136 de
898 1092 1008 1135 factis
1039 1092 1191 1134 alterius
1216 1093 1408 1135 rationem

92 1155 281 1207 reddere,
301 1160 364 1211 qui
380 1172 448 1212 pro
466 1161 542 1199 suis
569 1173 646 1200 non
667 1158 806 1201 sufficit
821 1191 832 1211 ‚
850 1161 902 1201 ait
918 1156 970 1200 D.
990 1155 1184 1200 Thomas.

149 1221 217 1264 Ad
234 1222 312 1265 hoc
326 1224 499 1266 attendat
517 1225 688 1278 praelatus
713 1233 750 1268 et
769 1227 1069 1272 contremiscat:
1105 1223 1282 1266 omnium
1311 1234 1408 1277 quos

99 1290 199 1341 regit
212 1289 399 1329 rationem
421 1287 636 1330 redditurus
656 1296 729 1332 est.

149 1351 272 1395 Miror
295 1367 342 1395 an
358 1353 440 1394 fieri
457 1356 575 1408 possit
593 1362 632 1396 ut
652 1356 786 1410 aliquis
805 1369 855 1397 ex
873 1355 1086 1398 rectoribus
1109 1355 1158 1396 sit
1186 1352 1336 1403 natvm,
1354 1352 1409 1393 ait

91 1415 146 1459 D.
165 1415 467 1471 chrysostomus
485 1431 493 1458 :
511 1431 624 1473 quem
643 1419 734 1458 vide
758 1419 822 1457 hic
838 1419 975 1459 homil.
996 1418 1050 1467 24
1063 1449 1074 1464 ,
1102 1419 1142 1458 in
1164 1414 1339 1469 Epistola
1359 1414 1410 1457 ad

94 1478 224 1523 Hebr.
239 1494 320 1535 cap.
348 1479 414 1522 13.

159 1546 213 1587 Ut
236 1561 309 1585 cun
331 1545 477 1597 gaudio
484 1542 656 1596 faciant
666 1573 680 1593 ,
698 1551 736 1584 et
749 1559 827 1584 non
841 1549 1076 1596 gementes...
1095 1540 1200 1595 quod
1213 1554 1317 1594 non,
1334 1548 1410 1583 etc.

93 1611 141 1655 In
155 1612 217 1654 his
233 1613 346 1652 etiam
366 1612 499 1653 verbis
518 1612 752 1652 instruuntur
769 1617 805 1652 et
823 1609 966 1651 subditi
983 1614 1022 1650 et
1036 1599 1194 1664 praeisti.

148 1675 301 1720 Praelati
320 1676 475 1730 quidem
493 1663 583 1731 qriid
599 1675 724 1718 facere
739 1675 906 1718 debeant
925 1677 1011 1716 com
1029 1671 1303 1716 inobedientes
1313 1677 1406 1714 sunt

92 1744 235 1788 subditi
253 1776 262 1791 ‚
284 1743 445 1792 scincet,
464 1757 619 1795 gemere
634 1773 646 1792 ,
663 1757 785 1784 orare.

149 1807 216 1851 Sic
239 1808 411 1849 medicus
441 1813 683 1861 contemptus
714 1808 761 1848 ab
796 1812 940 1860 aegroto
952 1836 962 1856 ,
994 1805 1136 1859 plorat,
1162 1803 1380 1857 ingemiscit
1392 1833 1404 1855 ‚

93 1890 174 1918 non
192 1889 234 1917 se
253 1874 463 1921 ulciscitur,
490 1874 538 1913 ait
557 1872 669 1913 divus
685 1869 1005 1927 chrysostomus.

151 1941 244 1985 Non
253 1943 340 1983 sinit
355 1938 564 1994 Apostolus
583 1939 778 1991 praetatum
795 1950 995 1993 erumpere
1005 1934 1052 1976 ad
1069 1935 1208 1990 probra
1220 1963 1231 1982 ‚
1247 1931 1296 1974 ad
1312 1946 1409 1974 con-

92 2006 264 2049 tumelias
282 2020 291 2045 :
311 2000 382 2045 sed
395 2009 545 2056 oportet
559 2016 647 2043 eum
667 2004 919 2056 ingemiscere
936 2003 1022 2042 com
1041 1999 1272 2053 despicitur,
1295 2002 1374 2039 etc.

152 2075 245 2119 Hoc
262 2083 317 2118 est
337 2074 480 2129 praeiati
499 2073 683 2117 officium.

158 2143 282 2186 Adest
306 2143 544 2183 subditorum
565 2141 727 2181 monitio
747 2157 757 2181 z
785 2141 874 2181 Hoc
896 2145 1028 2180 autem
1051 2150 1129 2177 non
1152 2133 1314 2188 expedit
1328 2147 1412 2178 νο-

97 2212 178 2261 bis,
194 2211 304 2263 quia,
337 2210 389 2248 ait
412 2205 460 2248 D.
480 2204 783 2262 Chrysostornus
800 2237 811 2257 ‚
832 2208 995 2261 gemitus
1020 2202 1161 2258 prae'ati
1191 2199 1323 2253 quavi-
1347 2202 1416 2240 11⁸.-

85 2277 193 2317 tione
211 2273 376 2314 deterior
399 2277 455 2311 est
475 2283 660 2323 :gemens
697 2273 800 2312 enim
827 2269 959 2311 Deum
979 2272 1145 2309 u²t·-rem
1165 2263 1342 2306 advocat.

62 2380 67 2383 .
143 2338 195 2382 D.
216 2335 528 2391 Chrysostomus
545 2335 608 2376 hic
631 2336 743 2379 docet
765 2335 961 2391 quomodo
984 2334 1125 2375 debeat
1149 2329 1414 2384 unusquisque

75 2419 128 2448 se
149 2407 246 2448 circa
262 2402 532 2459 praelationem
549 2414 688 2453 gerere
707 2416 719 2440 ε
