1430 2658
71 87 151 114 222
449 82 667 114 EPISTOLAE
693 84 753 115 ΑΒ
779 83 981 118 nssBnAEos

121 143 228 185 Dixi
243 143 321 195 tibi,
337 140 360 185 ὁ
381 141 524 187 Pater·
544 145 647 187 Ecce
663 146 793 196 venio,
818 145 859 188 id
876 152 949 199 est,
970 158 1061 188 ecce
1080 155 1167 189 mm
1180 149 1374 236 assumpto

66 223 224 265 corpore
243 224 306 251 me
326 211 392 252 tibi
410 212 516 252 sisto.

122 274 239 317 Juxta
261 276 400 331 quod'
383 293 426 318 m
449 279 575 332 capite
593 279 697 327 lebn‘,
715 293 783 320 seu
802 280 841 320 in
859 279 1054 321 volumine
1087 279 1173 321 libri
1198 277 1320 335 legis,
1335 277 1377 320 id
1403 294 1412 299 f

68 346 152 391 est,
173 342 212 380 in
232 340 310 382 tota
326 339 514 396 Scriptura
531 346 820 397 praenuntiatum
845 352 901 386 est
924 344 1027 398 quod
1049 350 1229 386 venturus
1245 356 1373 404 essegp

66 405 107 445 in
124 403 332 456 mundum,
356 412 456 448 tuam
475 438 486 459 ,
508 422 528 442 (>
547 407 680 458 Deus,
701 408 934 450 voluntatem
953 407 1127 450 facturus.

125 468 238 512 Varie
252 472 374 526 expia:
377 479 455 515 atur
475 470 605 515 ittud
587 491 628 514 m
648 478 776 528 capite
794 477 896 517 libri.
914 473 1031 516 Juxta
1048 473 1267 524 Hebraeum
1286 478 1370 523 est,

64 536 319 579 in¹vdlurnine
337 538 445 589 libri,
465 542 549 595 quia
583 539 724 582 chartae
760 540 1035 583 volvebantur:
1067 540 1150 585 fuso
1168 539 1242 582 hac
1264 537 1315 581 de
1333 551 1375 580 re

68 600 217 642 disserit
236 598 374 644 [istius.

97 692 101 696 -
125 664 365 711 Probabilior
380 670 581 725 explicatio
596 672 765 714 videtur:
781 669 910 713 iutotti
927 667 1118 727 Scriptura
1137 670 1375 726 praenuntia-

70 737 259 780 tumest:
277 735 360 786 vel,
389 751 537 778 summa
561 735 834 792 Scripturarum
852 744 908 779 est
934 743 1000 790 ut,
1033 743 1124 788 ete.,
1143 735 1222 778 seu’
1239 747 1376 776 omnes

68 795 275 855 Scripturae
293 809 485 855 testantur,
507 813 583 846 etc.

1268 890 1274 907 t

474 916 753 945 OBSERVATro
786 916 908 944 MORA
917 915 991 944 ms.

127 998 189 1042 Ex
209 999 266 1040 bis
289 1000 429 1048 verbis,
454 1000 555 1039 Ecce
573 1003 701 1047 venio,
724 1000 828 1040 disce
845 1001 927 1052 quis
947 997 1055 1038 fuerit
1073 996 1217 1050 primus
1233 990 1380 1034 Christi

68 1065 272 1116 cogitatus,
299 1066 515 1116 primusque
537 1062 660 1103 cordis
683 1062 777 1102 illius
801 1067 940 1101 motus.

123 1129 344 1180 Ingrediens
358 1129 544 1168 mundum
563 1128 628 1168 dia
637 1128 708 1168 ic...
731 1127 873 1179 primus
891 1123 1032 1166 Christi
1051 1123 1256 1166 votuntatis
1269 1134 1377 1171 usus,

64 1191 132 1234 suit
150 1192 366 1233 ob'edientia
382 1199 419 1233 et
436 1198 567 1232 votum
589 1206 658 1247 per
677 1198 796 1233 totam
819 1193 940 1232 vitam
957 1187 1192 1239 obediendi,
1213 1199 1282 1228 seu
1301 1183 1380 1231 Dei

66 1256 301 1298 votuntatem
326 1259 364 1298 in
385 1257 562 1298 omnibus
582 1255 770 1298 faciendi:

125 1319 332 1378 Egzegium
352 1336 405 1363 sa!
421 1325 444 1365 ὲ
473 1321 666 1375 exemplar
695 1321 805 1372 vitae,
826 1333 1028 1375 nunquam·
1042 1322 1062 1361 a
1082 1320 1195 1361 nobis
1217 1328 1296 1358 non
1313 1327 1379 1356 as-

58 1388 299 1442 piciendurn.

126 1452 312 1506 Quotidie
330 1468 436 1507 ergo,
459 1467 589 1503 mane,
609 1452 672 1495 vel
686 1449 940 1494 medianocte
959 1449 1089 1493 Deum
1104 1453 1232 1493 statim
1247 1450 1378 1500 ador-23
1403 1468 1416 1476 *

50 1524 310 1576 *temetipsum
332 1536 418 1562 cum
447 1517 627 1571 Christo,
661 1522 701 1562 in
725 1517 878 1560 Christo
900 1525 937 1560 et
962 1532 1030 1572 per
1061 1514 1257 1560 Christum
1283 1517 1382 1561 offer
1418 1557 1425 1562 .

56 1585 152 1628 >Deo
187 1587 320 1629 dicens
344 1601 353 1625 :
375 1586 475 1627 Ecce
506 1587 621 1627 venio
648 1593 691 1626 ul
711 1583 891 1639 sac-tom,
923 1583 947 1623 ό
978 1583 1104 1624 Deus!
1137 1583 1381 1625 voluntatem

58 1651 189 1693 tnu'smm
209 1652 375 1694 Renova
397 1660 530 1694 votum
551 1652 783 1694 obedientiae
816 1666 903 1693 curn
936 1646 1091 1691 Christo
1123 1648 1385 1691 obedientiam

69 1723 255 1758 vovente.

129 1779 194 1822 Ad
212 1780 288 1821 hoc
306 1794 424 1822 unum
441 1783 628 1835 ingressus
648 1797 688 1823 es
709 1785 749 1823 in
772 1781 958 1822 mundum
974 1812 985 1832 ,
1013 1782 1109 1823 sicut
1126 1787 1164 1823 et
1181 1778 1356 1826 Christus
1369 1811 1382 1834 ,

71 1853 112 1888 ut
127 1845 239 1886 facias
257 1843 332 1886 Dei
353 1845 601 1903 voluntatem.

129 1907 194 1951 Ad
217 1909 292 1950 hoc
313 1924 431 1950 unum
447 1910 698 1951 sanctificatus
718 1925 759 1952 es
773 1941 784 1960 ,
807 1925 874 1964 per
897 1910 1130 1953 oblationem
1152 1908 1325 1960 Christi,
1346 1911 1385 1953 in

73 1974 156 2013 sinu
182 1975 308 2013 matris
332 1972 576 2024 inchoatam,
602 1976 639 2014 in
671 1988 844 2028 praesepe
880 1974 1162 2026 confirmatam,
1198 1976 1238 2016 in
1275 1988 1387 2017 cruce

76 2043 396 2086 consummatam
423 2044 462 2078 ut
483 2034 557 2078 Dei
575 2037 809 2079 votuntatem
830 2037 1060 2093 adimpleas,
1080 2039 1174 2079 sicut
1192 2039 1327 2092 etipse
1345 2039 1387 2080 in

76 2102 255 2142 omnibus
281 2102 528 2156 adimplevit,
564 2110 601 2144 et
628 2110 670 2144 ut
702 2101 790 2145 Deo
817 2105 856 2144 in
882 2104 1083 2154 omnibus,
1117 2103 1204 2145 licet
1234 2102 1385 2155 arduis,

76 2168 235 2209 obedias
253 2183 372 2222 usque
389 2168 436 2209 ad
454 2175 632 2211 mortem.

135 2229 287 2274 Christe
305 2231 418 2274 Jesu'.
436 2237 458 2274 a
476 2232 598 2287 primo
615 2235 706 2274 vitae
727 2235 900 2282 instanti,
920 2247 1042 2287 usque
1054 2232 1101 2274 ad
1117 2239 1277 2282 mortem
1297 2246 1388 2274 cru-

77 2298 132 2338 cis
143 2297 331 2340 obediens
342 2329 353 2346 ‚
368 2296 466 2338 hanc
480 2297 667 2345 assiduam
684 2297 943 2339 obedientiam
958 2296 1052 2338 mihi
1067 2295 1189 2345 don-‘13
1211 2295 1259 2338 da
1275 2309 1390 2338 servo

78 2368 145 2404 tuo
163 2377 229 2405 cor
246 2364 390 2412 docile,
418 2378 483 2404 cor
500 2371 643 2404 rectum
661 2394 671 2412 ‚
693 2377 758 2403 cor
774 2357 917 2404 humile
931 2394 944 2415 ,
965 2364 1070 2414 cnjus
1088 2363 1165 2404 vita
1185 2364 1232 2404 sit
1249 2363 1287 2404 in
1310 2376 1392 2404 vo-

78 2425 220 2467 luntate
243 2424 320 2467 Dei
339 2455 351 2478 ,
378 2425 547 2467 vivendo
565 2427 603 2466 in
624 2424 847 2468 obedientia
866 2431 969 2467 etex
990 2423 1225 2467 obedientia.
