1430 2658
82 129 162 185 812
445 124 660 159 nrm-rom
689 122 748 154 An
777 114 977 150 minumus

82 229 1333 281 ἘΞ-βπ

427 346 646 397 CAPUT
678 335 1005 404 QUINTUM.

633 489 790 529 Tewtus.

83 598 309 677 nomas
338 637 522 679 namque
554 615 774 677 pontifex,
799 629 848 658 ex
870 607 1124 655 hominihus
1157 623 1361 665 assump-

79 651 165 760 tlus,
201 719 278 760 pro
311 695 555 744 hominibus
591 682 898 737 εοηεῑίῑιιῆιιι·
885 701 932 730 m
963 683 1018 730 iis
1048 699 1145 741 quae
1173 680 1362 728 suntad

80 777 251 830 Deum,
271 782 318 819 ut
335 770 487 818 offerat
508 766 621 813 dona
641 772 681 810 et
698 757 909 809 sacrificia
928 773 1009 816 pro
1027 754 1234 815 peccatis.

136 1036 173 1062 2.
209 1012 299 1074 Qui
320 1009 546 1058 condolere
565 1003 700 1064 possit
724 1002 771 1050 iis
791 1001 867 1060 qui
897 999 1101 1061 ignorant
1118 1007 1160 1046 et
1177 1006 1358 1055 errant,

79 1087 280 1146 quoniam
301 1095 342 1132 et
363 1085 453 1142 ipse
472 1079 757 1128 circumdatus
779 1086 845 1124 est
863 1072 1165 1121 infirmitate:

137 1275 176 1318 3.
189 1270 245 1316 Et
263 1279 488 1328 propterea
506 1266 655 1322 debet,
674 1260 1046 1322 quemadmodum
1065 1275 1148 1317 pro
1169 1257 1360 1318 pomsso,

82 1343 140 1390 ita
158 1344 285 1390 etiam
302 1352 342 1389 et
360 1358 438 1400 pro
462 1339 692 1397 semetipso
709 1337 866 1384 offerre
887 1351 968 1394 pro
987 1331 1193 1393 peccatis.

139 1465 178 1516 4.
211 1460 304 1506 Nec
336 1458 560 1516 quisquam
580 1454 709 1502 sumit
729 1453 808 1501 sibi
829 1453 1074 1508 honorem,
1096 1449 1175 1498 sed
1190 1447 1266 1508 qui
1286 1465 1365 1494 vo·

85 1542 204 1579 catur
220 1536 242 1579 ὲ
263 1535 353 1579 Deo
368 1569 378 1589 ,
399 1542 606 1590 tanquam
631 1530 800 1576 Aaron.

143 1715 180 1758 5.
213 1712 283 1758 Sic
312 1722 351 1758 et
374 1711 567 1759 Christus
592 1729 682 1758 non
708 1711 992 1769 semetipsum
1015 1705 1295 1762 clarificavit,
1318 1713 1369 1750 ut

90 1784 282 1842 pontifex
314 1785 462 1836 fieret3
500 1785 573 1830 sed
613 1785 686 1842 qui
714 1784 882 1831 locutus
905 1780 1049 1830 estad
1071 1797 1175 1827 cum
1201 1777 1369 1827 :Filius

88 1876 209 1905 meus
226 1868 330 1905 estu
346 1894 358 1915 ‚
381 1876 459 1918 ego
475 1858 604 1904 hodie
623 1859 751 1918 genui
772 1868 825 1905 te.

145 1975 184 2018 6.
209 1973 589 2034 Quemadmodum
609 1974 714 2020 etin
736 1974 820 2020 alio
850 1974 949 2020 loco
974 1970 1194 2019 dicit2Tu
1222 1985 1270 2017 es
1294 1985 1371 2016 sa·-

88 2044 240 2092 cerdos
255 2045 300 2091 in
320 2057 519 2094 aeternum
537 2049 776 2095 secundnm
794 2049 995 2095 ordinem
1017 2042 1370 2094 Melchisedech.

142 2310 179 2350 7.
200 2291 294 2353 Qui
311 2291 356 2337 in
371 2292 518 2339 diebus
547 2294 688 2340 carnis
702 2312 812 2350 suae,
836 2312 984 2353 preces
1005 2293 1374 2354 supplicationes-

79 2381 163 2422 que
190 2367 245 2411 ad
263 2383 382 2423 eum,
408 2367 481 2423 qui
499 2367 633 2423 possit
653 2367 779 2413 illum
793 2368 961 2416 salvum
989 2370 1131 2416 {acere
1161 2372 1374 2425 ὲωοτῑε,
