1430 2658
99 37 188 96 278
430 42 435 47 '
473 50 696 83 Ermum
726 51 786 82 an
813 51 1030 86 amusos

159 129 177 156 1
185 113 225 165 4.
235 108 404 156 Pacem
416 107 654 167 sequimini
666 126 771 156 cum
781 109 989 158 omnibus
1001 118 1045 159 et
1052 96 1416 202 sanctimnniam,
1405 129 1419 139 “

97 182 193 229 sine
211 184 298 241 qua
317 199 450 230 nemo
472 181 637 229 videbit
655 183 840 230 Deum':
1182 202 1183 205 ’
1218 215 1220 217 -
1361 214 1364 219 -
1381 206 1401 220 1

159 261 225 304 15.
242 257 614 317 Contemplantes
633 275 689 305 ne
706 258 804 317 quis
818 257 930 305 desit
947 257 1098 318 gratiae
1115 259 1205 310 Dei
1223 282 1233 309 ε
1250 278 1310 315 ne
1326 280 1417 324 qua

96 331 223 378 radix
239 329 547 378 amaritudinis
560 350 736 380 sursum
752 331 1006 399 germinans
1021 331 1262 397 impediat,
1279 347 1322 386 et
1333 355 1417 399 per

95 405 221 454 illam
241 406 535 465 inquinentur
552 406 696 455 multi.

158 721 223 777 16.
245 719 310 763 Ne
332 716 430 774 quis
451 715 698 765 fornicator
729 728 805 765 aut
827 719 1041 777 profanus
1059 756 1071 779 ‚
1092 729 1143 766 ut
1163 719 1282 769 Esau
1301 741 1312 767 :
1333 720 1412 782 qui

96 801 281 851 propter
300 809 437 838 unam
460 809 607 839 escam
624 792 823 839 vendidit
845 794 1073 852 primitiva
1089 811 1183 843 sua.

155 937 171 962 1
182 936 222 977 7.
240 915 403 964 Scitote
421 916 539 963 enim
561 917 771 975 quoniam
790 928 833 964 et
851 928 1004 977 postea
1022 918 1208 978 cupiens
1221 919 1413 968 haeredi-

93 1000 187 1037 tare
201 990 558 1037 benedictionem
574 1026 586 1048 ‚
603 991 866 1048 reprobatus
884 1002 950 1039 est
964 1011 975 1037 ε
991 1009 1084 1038 non
1104 993 1224 1039 enim
1240 993 1417 1042 invenit

92 1063 358 1123 poenitentiae
375 1065 524 1112 locum
540 1100 553 1122 ‚
573 1081 822 1123 quanquam
840 1083 943 1112 cum
963 1065 1173 1125 lacrymis
1197 1064 1414 1126 inquisis-

93 1149 159 1187 set
178 1157 293 1188 eam.

155 1499 220 1544 18.
240 1498 341 1542 Non
375 1494 493 1541 enim
527 1493 771 1542 accessistis
795 1494 850 1541 ad
884 1492 1159 1541 tractabilem
1179 1503 1407 1551 montem,

91 1581 135 1618 et
150 1567 464 1617 accensibilem
486 1567 635 1628 ignem
651 1603 662 1625 ‚
685 1578 727 1615 et
746 1566 968 1614 turbinem
985 1601 997 1624 ,
1024 1576 1067 1613 et
1085 1565 1317 1627 caliginem
1334 1602 1346 1624 ,
1363 1575 1408 1613 et

91 1643 335 1703 procellam
353 1678 366 1699 ‚

153 1897 221 1939 19.
237 1876 295 1922 Et
314 1875 429 1924 tubae
448 1893 607 1922 sonum
623 1911 635 1933 ‚
656 1885 698 1922 et
717 1893 872 1923 vocem
895 1877 1130 1923 verborum
1147 1911 1159 1934 ‚
1181 1895 1310 1936 quam
1327 1877 1405 1938 qui

91 1951 327 1998 audierunt
346 1986 358 2007 ‚
380 1959 700 1997 excusaverunt
719 1968 765 1997 se
780 1987 792 2009 ,
825 1968 880 1997 ne
898 1950 962 1998 cis
986 1951 1111 1998 fieret
1133 1951 1334 1999 verbum.

146 2156 212 2182 20.
229 2134 338 2182 Non
354 2135 473 2181 enim
495 2136 730 2193 portabant
753 2138 873 2194 quod
894 2138 1151 2186 dicebatur·
1174 2137 1231 2185 Et
1251 2156 1285 2187 si
1274 2138 1405 2215 bes-

89 2208 148 2257 tia
162 2208 349 2269 tetigerit
370 2218 565 2256 montem
585 2209 900 2268 ‚lapidabitur.
