1430 2658
75 47 160 109 ,ινδ
433 57 676 97 nms‘rouffi
703 56 763 90 An
792 54 1015 99 nauus>

437 221 750 265 Commentarius
774 223 816 263 in
839 217 1031 276 Cap.10.

76 326 122 378 ψ.
156 344 192 369 1.
214 287 442 369 UMBRAM
458 330 563 369 enim
582 327 733 368 habens
743 327 823 369 lex.
835 322 922 381 Syr.
941 317 1160 401 siquidem
1148 336 1188 366 ln
1201 325 1287 383 lege'
1303 333 1386 370 erat
1408 365 1412 371 .

75 395 207 438 umbra
228 392 438 436 futurorum
459 394 666 437 bonorum.

130 456 299 502 Probata
317 460 509 513 sanguinis
527 456 670 502 Christi
686 462 824 503 virtute
840 459 897 500 ad
913 457 1185 500 exhaurienda
1194 466 1381 514 peccato,

75 531 116 567 ut
137 537 219 580 cap.
241 539 295 582 9,
317 521 374 576 Ῠ.
394 523 448 566 28
471 523 592 577 dixit,
613 523 676 567 hle
699 523 872 578 legalium
891 515 1162 566 sacrificiorum
1180 524 1385 577 impoten-

76 590 168 630 tiam
190 587 237 630 ad
259 587 364 630 hunc
390 587 569 631 effectum
592 588 758 631 ostendit
772 588 990 643 ,hujusque
1010 589 1250 644 impotentiae
1268 588 1388 630 ratio-

81 666 173 695 nem
204 651 342 695 reddit.

141 717 334 759 Umbram
360 718 464 760 enim
497 718 674 767 habens:
703 717 743 759 id
776 723 856 768 est,
888 715 950 759 lex
977 718 1082 760 enim
1103 713 1275 761 Mosaica
1307 726 1387 766 erat

80 785 225 825 tantum
255 782 389 825 umbra
425 784 608 825 bonorum
641 785 681 825 in
708 797 812 825 novo
848 780 1104 825 Testamento
1129 776 1384 834 futurorum,

79 864 120 891 v.
144 864 196 903 g.‚
226 850 354 902 gratiae
368 880 378 899 ‚
397 851 545 902 justitiae
564 854 601 890 et
623 848 748 890 salutis
767 862 835 903 per
852 844 1047 890 Christum
1072 847 1224 889 dandae.

139 911 235 953 Non
263 913 389 965 ipsam
419 912 629 964 imaginem
649 927 790 954 rerum.
809 909 898 966 Syr.
916 924 996 952 non
1015 911 1176 964 ipsamet
1203 910 1391 951 substan-

82 978 134 1018 tia
153 990 283 1018 earum
310 992 450 1019 rerum.
477 976 653 1031 AEthiop.
675 991 754 1018 non
776 983 853 1017 erat
875 978 955 1029 ipsa
981 974 1128 1024 forma,
1151 974 1190 1015 id
1207 981 1291 1025 est,
1313 988 1393 1015 non

81 1044 160 1096 ipsa
182 1042 336 1092 veritas,
359 1044 410 1083 ait
436 1040 546 1083 divus
569 1039 888 1096 Chrysostomus:
912 1054 979 1081 seu
1007 1053 1089 1080 non
1112 1041 1193 1094 ipsa
1220 1053 1282 1082 res
1310 1052 1394 1094 quae

5 1124 13 1131 ·
80 1108 120 1155 in
143 1120 190 1148 se
213 1112 428 1159 spectetur,
464 1121 531 1148 seu
562 1121 641 1147 non
672 1109 756 1161 ipsa
785 1105 905 1147 forma
928 1107 983 1147 rei
1017 1106 1057 1146 in
1086 1103 1235 1159 propria
1263 1106 1393 1159 specie

90 1177 322 1226 conspectae.

140 1236 221 1277 Per·
244 1234 414 1288 singulos
431 1249 599 1276 annos...
622 1231 713 1288 Syr.
736 1233 877 1275 idcirco
907 1233 978 1274 etsi
1006 1231 1179 1285 quolibet
1204 1245 1306 1274 anno
1332 1231 1392 1274 illa

83 1303 164 1356 ipsa
194 1301 376 1343 sacrificia
404 1298 654 1352 offerrentur,
677 1312 871 1355 nunquam
889 1303 1093 1353 potuerunt
1114 1297 1297 1353 perficere
1325 1313 1394 1341 eos

86 1369 148 1421 qui
171 1369 252 1421 ipsa
275 1365 504 1408 offerebant.

142 1429 317 1485 Respicit
350 1427 561 1487 Apostolus
581 1428 630 1471 ad
649 1428 830 1471 sacrificia
848 1430 935 1482 quae
957 1426 1113 1481 singulis
1129 1428 1238 1469 annis
1257 1429 1295 1470 in
1323 1427 1387 1470 die

84 1498 310 1551 expiationis
322 1495 506 1538 offerebat
521 1509 692 1538 summus
706 1493 897 1545 sacerdos,
914 1491 1240 1547 sanguinemhirci
1254 1493 1395 1535 scilicet

87 1570 125 1604 et
143 1562 275 1611 vituli,
298 1571 337 1604 et
361 1577 447 1618 qua:
467 1565 590 1617 ipsum
609 1562 831 1616 pontificem
853 1562 890 1601 in
911 1558 1142 1602 conscientia
1160 1558 1394 1612 sanctificare

86 1641 166 1668 non
187 1633 386 1681 poterant,
420 1641 502 1681 cap.
519 1643 574 1684 9,
604 1618 651 1669 fi.
680 1643 728 1683 9,
756 1624 874 1667 multo
902 1626 1028 1666 minits
1058 1624 1149 1682 alios
1178 1623 1397 1666 sacerdotes

84 1698 126 1733 et
147 1691 344 1746 populum.

147 1753 349 1810 Hujusque
365 1757 417 1796 rei
440 1757 533 1797 ratio
552 1762 635 1813 est,
657 1755 763 1810 quod
792 1755 870 1796 hoc
891 1768 1060 1796 annuum
1081 1754 1311 1808 expiationis
1331 1766 1400 1794 sa—

90 1821 269 1862 crificium
291 1827 369 1862 erat
388 1823 532 1861 tanturn
554 1821 689 1861 umbra
706 1819 817 1860 suturi
836 1820 874 1858 in
893 1833 1005 1859 cruce
1023 1818 1194 1859 sacrificii
1213 1831 1283 1871 pro
1303 1831 1400 1872 pec-
1420 1867 1422 1869 Ι

91 1893 259 1928 catorum
279 1886 453 1928 omnium
472 1887 692 1938 expiatione
706 1915 716 1933 ,
745 1885 804 1925 cui
826 1883 949 1925 futuro
978 1880 1119 1924 Christi
1141 1883 1180 1923 in
1199 1896 1310 1924 cruce
1331 1897 1400 1924 sa-
1422 1875 1423 1878 ¹

91 1952 232 1994 crificio
251 1958 439 1994 reservata
471 1958 548 1992 erat
565 1953 682 1993 virtus
701 1950 877 1993 homines
893 1952 933 1993 in
953 1948 1188 1992 conscientia
1214 1955 1252 1991 et
1273 1963 1402 1992 coram

94 2013 183 2060 Deo
210 2016 486 2059 sanctificandi.

147 2079 234 2123 Lex
249 2089 327 2124 erat
341 2083 476 2125 umbra
495 2097 504 2119 ε
523 2083 606 2122 sive
624 2079 848 2134 metaphora
865 2083 886 2121 ξι
900 2076 1041 2135 picturi}
1059 2079 1238 2127 ducatum

150 2143 323 2192 Pictorcs
336 2149 438 2188 enim
460 2148 625 2203 primum
645 2145 811 2186 carbone
831 2151 891 2185 aut
916 2144 1017 2186 creta}
1039 2157 1122 2185 rem
1142 2142 1303 2198 aliquam
1318 2140 1403 2184 rudi

93 2208 212 2250 modo
232 2208 448 2259 detineant,
473 2209 648 2263 hancque
669 2207 803 2249 rudem
835 2209 1018 2262 picturam
1051 2209 1190 2247 vocant
1210 2204 1406 2244 umbram.

74 2272 151 2315 Ata
177 2271 312 2325 Deus,
347 2275 521 2328 inquiunt
540 2273 676 2329 aliqui,
707 2275 746 2315 in
778 2274 898 2314 veteri
928 2270 1183 2314 Testamento
1207 2267 1343 2311 rudem
1367 2275 1407 2308 et

93 2338 333 2381 umbratilem
358 2342 452 2382 novi
469 2336 709 2381 Testamenti
732 2340 915 2394 picturam
929 2338 1059 2387 dedit;

150 2402 267 2459 Sive,
288 2405 392 2462 quod
413 2403 639 2462 Apostolico
653 2405 753 2461 stylo
770 2402 1000 2448 conformius
1013 2410 1069 2447 est
1082 2435 1094 2456 ‚
1114 2399 1198 2446 Cot
1218 2418 1256 2445 2.
1269 2394 1317 2446 IV.
1336 2415 1404 2455 17,
