1430 2658
115 58 194 102 136
481 68 694 101 EPISTOLAE
722 68 779 101 sn
808 59 1022 100 uesanos
1094 66 1108 85 .-

112 173 125 177 -
130 168 439 176 ...μ--α--ψ-

482 233 793 275 Commentarius
815 232 856 272 in
888 224 986 283 Cap.
1008 235 1049 283 7.·

109 334 165 388 Υ.
193 353 230 379 1.
247 300 356 378 ch
375 339 478 378 enim
496 333 802 377 Melchisedech.
858 350 916 390 yr.
937 348 1064 390 porro,
1094 331 1172 386 hic,
1196 341 1272 379 etc.

165 399 230 444 En
255 401 404 456 grandis
424 401 483 443 ille
512 415 640 442 sermo
664 401 869 453 promissus
894 402 932 442 in
963 395 1166 454 capite-5,
1183 393 1233 444 Ῠ.
1259 415 1305 443 11
1324 431 1334 450 ,
1358 400 1408 442 ad

109 467 212 519 cujus
237 464 519 519 intelligentiam
538 495 549 516 ‚
572 461 829 505 Hebraeorum
849 470 999 505 mentes
1017 461 1146 505 multis
1159 462 1301 506 abhinc
1315 467 1414 507 acuit

105 529 337 584 Apostolus,
359 536 396 570 et
415 529 463 570 ad
484 542 595 584 quem
612 530 651 569 in
682 527 813 569 ultimo
830 530 960 583 capitis
992 528 1098 570 sexti·
1115 541 1259 582 versu,
1294 543 1413 572 com-¹·

106 591 264 634 modum
284 592 356 633 sibi
373 592 568 634 transitum
587 590 689 632 fecit.
1057 639 1062 643 ἡ

165 656 249 697 Hic
266 657 375 710 igitur
390 654 677 695 Melchisedech
691 685 703 708 ,
725 669 839 710 quem
858 656 1032 710 proxime
1053 657 1290 710 memoras-t,
1305 662 1347 700 ‘et
1363 655 1413 699 de

108 731 182 772 quo
203 719 316 759 etiam
335 731 459 771 supra,

163 778 267 822 Illius
284 779 479 821 historiam
496 782 665 823 breviter
683 780 802 822 refert
822 796 871 823 ex
891 779 1053 824 Genesi.
1180 824 1190 830 ,

169 849 256 889 Rex
275 844 433 901 Salem,
452 849 490 889 id
511 856 589 908 ‘³⁵5¹’
608 849 712 890 urbis
732 863 818 904 quae
834 851 996 904 primurn
1011 849 1107 892 dicta
1124 857 1181 893 est
1201 848 1349 902 Salem,
1372 851 1412 893 id

106 920 186 966 est,
207 914 382 969 pacifica,
402 914 546 957 deinde
560 913 704 967 Jebus,
725 915 879 957 tandem
894 929 944 957 ex
959 921 1120 971 utroque
1134 919 1320 973 nomine
1335 916 1412 958 unzi

103 980 225 1022 litter&
241 979 381 1021 mutata
394 1010 405 1030 ‚
433 979 656 1021 Jerusalem.

161 1045 262 1088 Haec
282 1054 340 1088 est
361 1049 599 1088 communior
614 1049 712 1087 inter
730 1053 879 1088 veteres
902 1053 939 1088 et
958 1048 1190 1089 recentiores
1210 1049 1354 1103 opinio.

159 1108 253 1152 Non
276 1111 414 1152 desunt
430 1119 556 1153 tamen
574 1113 635 1165 qui
651 1141 661 1159 ‚
681 1117 767 1164 post
788 1109 840 1152 D.
861 1109 1172 1164 Hieronymum,
1191 1111 1311 1154 velint
1325 1126 1410 1155 esse

101 1174 253 1216 alteram
270 1173 417 1226 Salem,
440 1189 524 1230 quae
544 1173 689 1217 Genes.
709 1174 788 1226 38,
807 1168 855 1217 Ῠ.
879 1173 951 1226 18,
981 1172 1241 1218 sichimorum
1262 1175 1409 1219 dicitur.

159 1238 287 1292 Hujus
306 1241 499 1293 opinionis
519 1247 605 1281 sunt
626 1238 678 1281 D.
701 1236 933 1290 Anselmus,
962 1237 1176 1294 Gagnaeus,
1205 1254 1319 1297 quam
1338 1256 1410 1285 re·-

99 1304 219 1346 sutant
242 1299 395 1354 Estius,
417 1302 616 1346 Cornelius
631 1307 652 1345 ὸ
674 1302 836 1360 Lapide.

99 1399 101 1402 Α
157 1368 347 1409 Sacerdos
366 1369 440 1409 Dei
464 1371 634 1418 summi,
657 1368 694 1409 id
729 1374 812 1420 est,
849 1365 925 1410 Dei
948 1369 1031 1409 veri
1059 1373 1097 1409 et
1126 1367 1294 1441 excelsi,
1327 1383 1407 1411 non

100 1431 306 1474 idolorum.

158 1495 291 1553 Itaque
314 1495 390 1540 Dei
408 1500 491 1539 veri
510 1497 630 1539 cultor
646 1529 658 1550 ‚
688 1497 776 1539 licet
808 1499 905 1540 inter
925 1496 1141 1540 idololatras
1168 1495 1410 1542 chananaeos

99 1565 251 1605 vivens.

157 1629 241 1681 Qui
269 1629 434 1670 obviavit
462 1627 644 1668 Abrahae
672 1641 865 1679 regresso,
886 1627 925 1669 id
954 1634 1038 1679 est,
1071 1627 1245 1670 redeunti
1262 1630 1406 1672 acaede

98 1707 255 1748 regum,
279 1694 328 1735 de
347 1693 419 1748 quai
439 1691 584 1735 Genes.
608 1691 683 1743 14,
708 1689 762 1741 V.
792 1708 858 1748 17.
1266 1700 1277 1711 ·

156 1756 216 1800 Illi
235 1765 359 1800 autem
378 1760 549 1800 obviavit
568 1760 606 1798 in
623 1760 772 1811 signum
793 1761 980 1801 amicitiae.

123 1822 210 1863 ⁷-Et
229 1823 425 1864 benedixit
442 1824 498 1872 ei,
526 1822 565 1863 id
586 1829 667 1870 est,
703 1830 739 1864 et
758 1821 1069 1874 Melchisedech,
1104 1830 1144 1865 ut
1161 1820 1236 1866 Dei
1258 1827 1400 1868 summi

98 1886 300 1939 sacerdos,
327 1887 527 1929 benedixit
554 1883 738 1928 Abrahae.

150 1947 254 1992 Vide
272 1953 424 1993 citatum
439 1949 603 1993 Genesis
617 1951 741 1992 locum
756 1982 767 2003 ,
788 1967 837 1994 ex
859 1966 935 2007 quo
956 1954 1068 1995 etiam
1082 1960 1234 2008 apparet
1247 1953 1350 2009 ,quod
1362 1961 1402 1997 et

91 2009 180 2054 Deo
198 2016 335 2068 gratias
345 2017 462 2068 egerit
479 2014 530 2056 ob
548 2015 760 2067 victoriam,
777 2015 904 2057 oblato
921 2018 1026 2070 panis
1044 2023 1082 2058 et
1099 2018 1178 2057 vini
1197 2015 1399 2058 sacrificio.

151 2076 210 2131 Jff.
227 2091 266 2120 2.
284 2079 360 2120 Cui
367 2087 405 2120 el
420 2080 592 2120 decimas
605 2080 779 2120 omnium
792 2080 959 2122 divisit...
974 2081 1012 2122 id
1026 2088 1103 2132 est,
1124 2083 1184 2123 cui
1200 2078 1398 2124 Abraham

90 2140 140 2184 de
162 2145 268 2184 omni
291 2145 415 2199 praedzi
433 2144 499 2186 sua
517 2144 704 2186 decimam
728 2144 834 2187 dedit
850 2147 890 2186 in
911 2145 1100 2188 honorem
1119 2148 1259 2188 summi
1284 2143 1359 2188 Dei
1381 2178 1391 2197 ,

88 2209 194 2261 cujus
210 2209 385 2252 sacerdos
402 2217 482 2252 erat
503 2207 806 2252 Melchisedech.

144 2272 314 2330 Hocque
335 2274 435 2318 facto
452 2273 648 2319 Abraham
666 2307 677 2326 ‚
702 2278 766 2332 qui
783 2284 821 2318 et
836 2279 918 2333 ipse
943 2275 1016 2321 Dei
1038 2278 1214 2330 sacefflos
1229 2285 1332 2332 erat,
1354 2286 1393 2320 et

83 2342 188 2395 saepe
209 2341 245 2382 ei
263 2341 561 2393 sacrificaverat,
584 2339 937 2386 Melchisedechum
957 2346 1114 2400 agnovit
1129 2343 1203 2387 sibi
1220 2345 1393 2400 superio-

83 2418 166 2448 rem
183 2411 222 2449 et
239 2419 349 2449 suum
371 2409 476 2463 quasi
497 2405 734 2462 pontificem.
