1430 2658
365 92 556 127 nam
584 93 823 126 mosi-no.
853 81 952 140 Cap.
987 81 1044 126 V.
1298 98 1353 141 97

40 164 270 213 mum
286 172 296 207 ;
317 163 356 200 et
368 154 611 213 consolemur
627 154 731 211 quod
744 185 757 207 ,
777 157 872 199 sicut
890 162 930 197 et
949 157 1033 212 ipse
1046 186 1058 209 ,
1074 168 1143 210 per
1155 156 1354 211 passiones

29 219 366 271 'consummemun
501 233 509 239 ·
589 215 601 225 “

99 284 235 329 Passio
246 291 309 328 est
327 279 624 336 consummatio,
647 297 716 326 seu
739 281 947 336 perfectio,
972 290 1009 325 et
1025 297 1094 338 per
1110 282 1187 326 hoc
1199 290 1353 341 oportet

41 354 91 396 ad
109 351 386 409 perfectionem
406 351 611 405 pervenire
623 381 634 403 ,
658 351 708 391 ait
731 346 784 390 D.
802 346 1003 405 Chrysost.

52 410 63 429 ⁹
97 417 255 462 Patior:
277 432 369 472 ergo
393 429 661 467 consummor,
694 415 891 468 perficior,
925 411 1078 456 Christo
1106 415 1159 455 fio
1188 415 1349 471 similis,

41 484 210 542 quodam
229 483 347 525 modo
365 481 537 534 defficor,
561 480 684 534 fingor
701 479 749 521 ad
767 487 951 521 aeternam
970 479 1261 522 beatitudinem.

76 551 85 556 “
98 546 289 592 Gaudebo
307 549 432 603 itaque
447 552 487 589 et
505 545 695 600 gloriabor
708 546 747 586 in
759 545 1040 586 infirmitatibus
1055 551 1092 586 et
1108 547 1350 600 passionibus

37 616 159 667 meis,
192 629 262 670 per
300 627 391 668 quas
424 626 487 654 me
519 609 627 653 Deus
660 617 921 664 consummat,
955 610 1124 666 perficit,
1153 611 1264 667 fingit
1298 613 1349 655 ad

39 677 205 732 Christi,
237 677 432 720 salvatoris
459 677 562 727 mei,
585 672 872 717 similitudinem
888 706 899 726 ,
933 681 971 716 et
997 682 1278 730 consequenter
1299 677 1347 719 ad

38 749 219 786 aeternam
238 756 325 786 eum
344 755 394 782 eo
413 740 656 783 beatitudinis
671 739 934 781 haereditatem
951 740 1236 796 possidendam.

503 832 505 834 ¹
578 848 784 887 secuunb.

93 933 336 991 Aspiciamus
353 934 394 975 in
407 929 620 975 Auctorem
642 932 769 974 salutis
786 939 948 987 nostrae,
970 940 1010 976 ut
1034 949 1123 977 eum
1136 937 1344 992 patientem

36 1003 241 1044 imitemur.

92 1065 251 1108 Patiens
266 1061 440 1106 Christus
462 1065 607 1116 oravit,
625 1064 849 1118 supplicavit
864 1064 1056 1108 humiliter
1068 1074 1108 1109 et
1126 1066 1342 1121 ferventer,

35 1145 120 1173 cum
144 1130 308 1172 clamore
325 1135 362 1171 et
379 1128 553 1184 lacrymis
572 1129 696 1170 cordis
713 1131 865 1170 contriti
884 1137 920 1171 et
941 1129 1124 1173 humiliati
1141 1147 1151 1180 ;

88 1194 154 1240 Sic
174 1196 286 1237 nobis
301 1225 312 1246 ,
333 1197 372 1235 in
391 1194 454 1236 tati
467 1201 562 1235 statu
579 1196 788 1235 constitutis
802 1225 813 1245 ‚
835 1195 883 1236 ad
899 1193 1024 1237 Deum
1040 1195 1339 1251 confugiendum

34 1267 91 1304 est
109 1260 310 1316 precibus,
336 1258 698 1314 supplicationibus,
729 1260 957 1312 gemitibus,
991 1260 1189 1316 iacrymis,
1223 1260 1341 1303 corde

31 1329 194 1370 contrito
214 1333 253 1368 et
271 1324 490 1372 humiliato;
515 1331 551 1365 at
571 1327 758 1380 praecipue
776 1324 848 1367 hac
876 1330 1069 1370 reverenti
1096 1342 1140 1370 ac
1169 1341 1342 1378 venera„

30 1391 160 1436 hunda
178 1394 317 1448 pietate
337 1390 388 1432 ob
404 1405 514 1446 quam
531 1387 704 1432 Christus
720 1391 917 1433 exauditus
935 1400 1004 1435 est.

83 1454 126 1499 Si
155 1453 349 1506 Christus,
372 1455 527 1511 aequalis
554 1452 679 1507 Patri,
707 1454 807 1497 tamti
826 1455 1039 1499 reverentissi
1060 1456 1218 1501 Patrem
1244 1472 1334 1512 pre-

29 1529 132 1565 catus
150 1529 230 1572 est,
265 1519 404 1576 quanta
430 1536 528 1574 nos,
549 1519 851 1577 homunciones,
886 1530 925 1565 et
944 1529 1035 1567 vere
1054 1525 1172 1578 nihil,
1203 1523 1333 1567 Deum

27 1600 135 1628 orare
158 1585 370 1627 debemus!

84 1646 177 1701 Quo
199 1648 281 1703 plus
297 1647 480 1689 humiliati
498 1662 627 1690 sumus
654 1650 843 1703 exterius,
868 1655 914 1693 eo
937 1650 1153 1695 humiliores
1170 1654 1329 1696 interius

29 1727 196 1757 oremus·

174 2491 240 2523 vr.
1091 2485 1118 2529 5
