1430 2658
84 95 166 142 158
459 109 684 143 mus-rom
714 103 776 142 'An
804 96 1011 141 nennAEOs

143 189 183 227 7.
219 168 338 215 Nam
357 168 395 215 si
428 167 540 215 illud
560 167 681 227 prius
711 167 843 227 culpa
872 169 1093 227 vacasset,
1127 185 1221 219 non
1242 170 1391 232 utique

84 240 264 289 secundi
282 241 405 288 locus
429 239 742 299 inquireretur.

144 319 187 362 8.
216 313 479 372 Vituperans
509 315 627 362 enim
650 332 727 363 eos
756 313 892 361 dicit:
915 315 1029 361 Ecce
1051 314 1146 362 dies
1182 316 1391 375 venient,

89 386 196 435 dicit
211 387 439 436 Dominus
456 411 465 443 ;
489 399 531 435 et
551 388 870 436 consummabo
884 405 1017 446 super
1034 387 1220 436 domum
1242 388 1394 447 Israel,

91 471 134 508 et
149 478 284 520 super
297 462 482 509 domum
501 462 637 522 Juda,
655 462 995 510 Testamentum
1014 479 1182 510 novum
1198 482 1210 516 ς

149 667 189 708 9.
207 645 311 693 Non
335 644 576 691 secundum
597 643 937 692 Testamentum
959 644 1077 702 quod
1093 641 1177 690 feci
1197 641 1396 702 patribus

91 736 258 773 eorum,
282 717 328 763 in
341 718 411 764 die
430 719 516 776 qua
532 717 806 777 apprehendi
824 735 1007 765 manum
1025 735 1180 765 eorum
1193 752 1207 775 ‚
1226 726 1275 764 ut
1288 716 1398 765 edu·

93 810 236 840 cerem
257 791 358 838 illos
380 792 434 838 de
456 794 572 839 terra
591 790 790 852 AEgypti
810 813 818 837 ε
851 792 1066 852 quoniam
1080 790 1166 851 ipsi
1182 809 1274 838 non
1293 806 1398 849 per-

91 876 348 914 manserunt
377 865 424 912 in
455 865 746 914 Testamento
767 885 893 925 meo,
931 876 972 914 et
995 884 1075 927 ego
1094 863 1267 926 neglexi
1292 882 1366 912 eos
1383 900 1396 922 ‚

93 940 198 987 dicit
216 939 457 987 Dominus.

152 1035 214 1061 ιο.
235 1014 355 1075 Quia
370 1013 453 1061 hoc
475 1024 539 1061 est
560 1014 901 1062 Testamentum
923 1014 1042 1072 quod
1064 1014 1300 1072 disponam
1319 1013 1430 1062 do-‘'

90 1087 184 1134 mui
204 1087 339 1134 Israel
354 1097 451 1145 post
467 1087 559 1134 dies
574 1087 692 1146 illos,
708 1086 815 1133 dicit
832 1085 1059 1133 Dominus
1077 1106 1086 1132 ε
1101 1085 1269 1133 Dando
1282 1085 1400 1146 leges

90 1178 211 1207 meas
237 1160 284 1206 in
314 1169 705 1217 mentem‘eorum‚
737 1170 779 1207 et
813 1160 861 1205 in
909 1159 1042 1206 corde
1061 1175 1218 1206 eorum
1245 1175 1399 1217 super-

88 1235 282 1282 'scribam
303 1251 402 1288 eas;
430 1244 472 1280 et
496 1251 571 1281 ero
594 1233 719 1292 eisJin
744 1235 970 1290 Deum,et
989 1231 1077 1291 ipsi
1089 1240 1219 1279 erunt
1233 1229 1400 1278 mihiin

93 1308 324 1367 populum.

155 1402 171 1427 1
186 1401 220 1427 1.
245 1381 302 1427 Et
321 1397 411 1426 non
437 1379 612 1427 docebit
643 1380 943 1440 unusquisque
963 1378 1217 1439 proximum
1237 1395 1368 1425 suum
1385 1412 1398 1435 ‚

93 1463 136 1501 et
157 1453 454 1512 unusquisque
474 1454 654 1501 fratrem
672 1473 825 1512 suum,
847 1454 1000 1503 dicens
1018 1474 1028 1499 z
1049 1453 1281 1514 Cognosce
1300 1451 1401 1499 Do·
1428 1487 1430 1489 »

91 1527 292 1582 minum3
331 1528 544 1586 quoniam
575 1547 730 1578 omnes
763 1529 900 1578 scient
928 1546 1000 1576 me
1030 1527 1242 1576 aminore
1261 1543 1400 1585 usque

92 1602 151 1648 ad
175 1603 391 1661 majorem
416 1621 572 1650 eorum
598 1625 608 1650 :
1192 1620 1195 1622 “

149 1728 171 1753 ι
183 1729 220 1753 2.
243 1707 365 1769 Quia
384 1709 600 1766 propitius
616 1727 692 1758 ero
710 1709 1012 1768 iniquitatibus
1032 1725 1187 1756 eorum
1201 1742 1214 1766 ,
1235 1716 1278 1754 et
1299 1721 1403 1766 pec-

93 1792 293 1830 catorum
315 1801 472 1829 eorum
491 1787 581 1841 jam
598 1802 691 1831 non
713 1785 1010 1832 memorabor.

157 1858 222 1901 13.
245 1854 449 1902 Dicendo
485 1868 632 1904 autem
663 1876 852 1915 novum,
874 1858 1084 1906 veteravit
1104 1856 1235 1917 prius.
1250 1856 1390 1919 Quod

93 1938 241 1975 autem
262 1930 516 1988 antiquatur
536 1942 578 1979 et
594 1933 804 1992 senescit,
824 1951 962 1993 prope
979 1930 1207 1980 interitum
1225 1943 1303 1980 est.
