1430 2658
1299 40 1303 60 l

49 81 131 132 140
216 85 218 87 “
387 95 390 98 ’
422 90 639 123 ems-roms
668 85 742 123 ιιι)ρ
759 88 967 124 nmmos

46 161 152 213 parat
169 155 334 197 decimas
351 154 387 195 ei
406 153 511 196 datas
526 155 575 196 ab
598 150 823 196 Abrahamo
841 167 928 196 cum
944 153 1102 197 decimis
1110 153 1351 210 ‘qmffievi-

46 230 96 264 tae
108 235 163 263 *ex
179 220 261 272 lege
275 219 333 270 jus
349 217 493 260 habent
510 218 709 270 sumendi,
731 225 767 260 et
783 218 861 260 illas
872 217 932 259 his
951 217 1103 271 praefert
1117 220 1159 262 in
1172 221 1322 264 fribus&

104 283 262 336 Primo,
284 281 468 327 Aaronici
489 283 737 327 sacerdotes
724 298 746 324 a
767 285 844 325 suis
861 281 1277 335 fratribus3secur‘1dm
1298 296 1350 328 ex

48 350 142 404 legis
174 348 378 398 mandam
410 350 544 402 tertio,
565 351 587 390 ὲ
617 349 694 390 suis
724 350 1056 402 contemporaneis
1083 347 1254 391 decimas
1280 352 1352 390 su·-

49 412 186 450 munt:

101 469 390 513 Melchisedech
418 472 465 513 ab
493 477 705 523 extraneo,
726 467 825 511 nulla
846 467 895 510 ad
919 468 958 511 id
982 467 1068 522 lege
1089 477 1247 522 coacto,
1271 472 1353 513 imo

42 536 94 579 ab
109 537 286 579 omnibus
304 538 418 578 etiam
435 537 475 577 in
492 542 715 590 perpetuum
732 534 864 575 suturis
881 534 1142 576 sacerdotibus
1155 566 1168 588 ‚
1187 530 1235 580 J.
1251 535 1294 578 8.

103 602 157 644 Et
171 602 336 656 quidem.
357 598 427 643 Gr.
445 607 485 642 et
505 600 554 642 illi
571 599 727 654 quidem
746 600 793 639 de
805 598 917 653 filiis
933 600 1044 650 Levi,
1064 599 1107 657 id
1122 606 1202 652 est,
1224 598 1353 643 Aaro-

49 667 128 708 nici
157 665 405 713 sacerdotes:
430 678 566 706 omnes
597 665 701 706 enim
733 663 951 705 sacerdotes
976 669 1082 705 erant
1101 677 1151 706 ex
1171 659 1353 713 Aarone;

53 729 185 776 Aaron
205 738 330 774 autem
348 745 398 772 ex
419 728 532 772 Levi.

107 797 348 839 Mandatum
377 797 547 848 habent,
577 794 617 836 id
638 802 718 847 est,
739 796 797 848 jus
826 794 974 837 habent
1001 809 1052 836 ex
1075 794 1230 836 decreto
1260 794 1358 849 legis

51 878 122 918 pro
139 865 230 918 ipsis
250 862 417 904 condito.
438 859 559 903 Num.
581 859 644 902 18.
664 875 738 910 213
758 858 876 903 Deut.
899 859 963 903 18.
984 858 1026 902 3.

109 932 295 974 Decimus
311 945 459 972 sumere
477 931 503 970 ὰ
520 931 688 983 populo,
711 922 750 969 id
765 935 848 981 est,
875 932 897 970 ὲ
919 935 1002 972 toto
1018 929 1179 983 populo,
1196 932 1311 971 etiam
1329 932 1354 968 ὰ

37 995 237 1051 fratribus
255 996 335 1036 suis
356 995 538 1042 leviticis,
558 993 646 1035 licet
663 993 713 1034 illi
733 1007 868 1035 ornnes
884 1023 895 1042 ‚
919 999 958 1034 et
978 990 1130 1035 Levilae
1143 999 1181 1034 et
1196 990 1324 1034 Judaei
1340 1022 1350 1041 ‚

53 1074 102 1102 ex
122 1059 260 1101 eodem
280 1064 383 1113 patre
398 1053 598 1099 Abraham
619 1062 747 1097 essent
767 1056 953 1109 prognati.

110 1121 263 1164 Levitae
283 1122 451 1163 decimas
468 1120 672 1160 sumebant
687 1123 708 1161 a
729 1119 889 1175 populo;
906 1125 944 1161 et
959 1119 1031 1174 ipsi
1051 1115 1203 1161 Levilae
1216 1148 1230 1171 ,
1249 1119 1356 1162 deei-

52 1201 153 1229 mam
171 1192 314 1240 partem
334 1184 495 1226 decimae
514 1181 725 1224 offerebant
748 1181 935 1224 Domino.
953 1181 1073 1224 Num.
1097 1180 1166 1224 18.
1186 1183 1255 1227 26.

110 1250 242 1306 Itaque
264 1249 480 1291 sacerdotes
499 1244 682 1290 Aaronici
700 1247 868 1289 decimas
884 1247 1086 1290 sumebant
1103 1250 1124 1288 a
1139 1251 1216 1290 suis
1229 1262 1359 1304 popu-

51 1319 189 1360 laribus
205 1323 243 1358 et
259 1318 280 1356 ὲ
297 1316 374 1356 suis
389 1313 588 1362 fratribus;
612 1327 690 1354 non
711 1319 836 1354 autem
857 1313 905 1354 ab
927 1313 1117 1362 externis,
1137 1319 1177 1354 et
1192 1312 1261 1355 has
1278 1313 1357 1356 de-

54 1383 170 1424 cimas
184 1380 384 1422 sumebant
399 1392 448 1419 ex
465 1378 566 1432 lege,
582 1391 666 1432 quae
678 1379 735 1430 jus
755 1377 867 1420 dabat
883 1376 1142 1419 sacerdotibus
1158 1378 1356 1428 sumendi

55 1454 92 1489 et
107 1447 245 1502 populo
262 1445 351 1487 dare
369 1445 623 1500 praecipiebat.

112 1510 168 1564 y?
182 1513 223 1555 6.
247 1508 367 1565 Cujus
385 1517 516 1551 autem
535 1509 774 1563 generatt'mo
798 1505 869 1550 Gr.
887 1509 948 1551 ille
966 1497 1092 1551 aulem
1109 1523 1187 1551 non
1206 1523 1357 1564 genea-

54 1577 238 1631 logizatus
250 1591 299 1618 ex
315 1577 382 1626 eis,
393 1576 596 1617 decimavit
598 1571 819 1615 Abraham
834 1570 924 1627 Syr.
939 1576 970 1615 is
982 1581 1066 1616 aute
1069 1589 1108 1615 m
1123 1576 1186 1629 qui
1200 1576 1358 1630 scriptus
1423 1584 1428 1590 ·

57 1654 137 1682 non
156 1646 213 1680 est
231 1641 269 1679 in
292 1638 521 1692 genealogiis
539 1651 694 1690 eorum,
715 1637 882 1678 decimas
901 1636 981 1678 tulit
995 1637 1043 1678 ab
1060 1634 1272 1680 Abrabam.
1303 1670 1310 1675 .

113 1702 159 1745 Id
177 1709 256 1753 est,
277 1700 563 1743 Melchisedech
579 1709 705 1744 aulem
718 1702 928 1756 alienigena
942 1732 956 1752 ‚
977 1704 1081 1756 cujus
1096 1696 1217 1756 genus
1233 1702 1358 1758 neque

56 1767 104 1808 ab
124 1762 300 1815 Aawne,
317 1777 443 1817 neque
462 1767 483 1804 ὲι
501 1762 623 1816 Levi,
640 1770 764 1818 neque
780 1766 827 1805 ab
847 1762 1070 1806 Abrahamo
1089 1765 1302 1808 deducitur.

119 1831 304 1872 Decimus
332 1831 496 1882 sumpsit.
516 1830 567 1868 ab
588 1829 795 1869 Abraham
813 1860 825 1882 ,
847 1836 1026 1884 lanquam
1052 1843 1099 1872 eo
1123 1837 1160 1872 et
1184 1834 1360 1874 omnibus

62 1896 158 1938 illius
179 1896 340 1950 posteris
362 1897 482 1948 major
502 1902 541 1937 et
560 1897 749 1937 sacralior.

114 1960 362 2015 Subintellige
383 1976 393 2001 z
415 1967 453 2002 et
471 1958 666 2002 Abraham
685 1957 784 2001 nullzi
798 1959 880 2014 lege
901 1967 1052 2002 coactus
1065 1992 1077 2014 ‚
1095 1962 1164 2004 sed
1180 1963 1361 2005 divinitus

61 2028 217 2071 edoctus
247 2028 329 2081 quis
346 2032 448 2067 esset
467 2026 526 2066 ille
547 2023 831 2067 Melchisedech
845 2054 857 2077 ,
892 2022 1034 2067 Christi
1057 2025 1199 2069 scilicet
1221 2031 1361 2070 summi

57 2094 247 2151 pontificis
267 2093 393 2147 figura.

118 2155 338 2208 Abraham,
355 2159 508 2212 inquam
520 2189 530 2209 ‚
545 2155 657 2210 hujus
673 2156 872 2198 sacerdotii
892 2155 1105 2198 reverentia
1118 2164 1245 2200 motus
1260 2188 1272 2210 ‚
1294 2158 1362 2199 de.-

61 2224 178 2265 cimas
194 2222 330 2264 lubens
349 2230 385 2264 et
411 2223 579 2276 gaudens
598 2223 701 2265 dedit
719 2220 1048 2265 Melchisedecho.

121 2288 175 2331 Et
193 2288 296 2329 hunc
319 2289 387 2342 qui
407 2289 577 2330 habebat
598 2291 909 2343 repromissiones
929 2289 1170 2332 benedixit...
1190 2285 1363 2332 Alleram

60 2350 202 2398 Paulus
222 2356 337 2397 nobis
364 2355 522 2398 exhibet
555 2355 867 2399 considerandam
896 2353 1197 2400 Melchisedechi
1226 2355 1364 2399 excel-

62 2419 235 2475 lentiam,
257 2434 308 2465 ex
330 2435 379 2464 eo
401 2422 504 2477 quod
522 2419 786 2466 Abrahamum
809 2422 1023 2466 benedixit.
