1430 2658
397 96 594 131 wrm
602 96 860 130 amsla-ro.
891 84 989 140 Gap.
1011 82 1138 132 -VII
1298 86 1422 151 '³¹47

12 143 533 218 &pumma
549 167 662 210 sunt,
676 174 876 215 speramus
894 175 1024 203 veram
1033 157 1233 216 justitiam,
1249 164 1324 221 qus
1335 165 1426 212 Deo

63 226 202 268 vere·p
225 227 391 280 proximi
406 224 604 267 reddimur
629 231 668 266 et
687 226 796 278 grati.

128 289 210 336 ,ἶᾲΐ
232 298 302 334 20.
323 291 377 332 Et
395 293 585 346 quantum
605 298 688 340 est,
710 305 789 330 non
807 290 891 331 sine
907 289 1181 343 idum-ando.

164 350 258 398 Ex
247 363 459 406 juramento
469 353 545 398 Dei
564 353 733 397 ostendit
749 353 963 396 firmitatem
976 361 1014 396 et
1027 359 1279 400 aeternitatem
1294 374 1422 404 sacer·

1 473 14 480 e
107 414 210 462 dotti?
221 415 378 462 Christi.

0 479 18 487 ν
92 514 94 517 -
166 482 222 527 Et
244 486 456 539 quantiam,
479 482 520 525 id
537 490 618 535 est,
641 488 680 524 et
702 483 740 523 in
760 482 944 536 quantum
973 495 1054 523 non
1080 483 1163 524 sine
1180 484 1420 538 jurejurando

108 545 223 591 Jesus
243 546 417 590 Christus
435 546 556 589 sactus
574 553 632 589 est
651 546 843 589 sacerdos.

139 637 145 641 ·
165 611 273 656 Huic
284 615 379 668 parti
394 611 601 668 respondet
620 614 659 653 in
674 614 828 652 tantum
839 640 853 661 ‚
873 606 927 661 Jff.
947 625 999 653 22
1017 642 1029 664 ‚
1048 618 1181 654 caetera
1194 627 1418 670 perparen-

106 678 248 722 thesim
269 679 443 734 legenda.

166 745 254 786 Alii
269 745 421 798 quidem
433 773 447 794 ,
472 743 513 784 id
530 748 608 792 est,
634 736 765 785 Aaron
786 747 824 783 et
840 740 900 782 alii
920 741 1137 783 sacerdotes
1155 740 1319 787 Levitici
1335 750 1420 791 sine

105 807 318 861 juramento
334 807 419 849 facti
436 813 524 849 sunt
545 805 761 848 sacerdotes
777 823 786 854 ;
811 807 847 846 in
859 802 1061 858 Scripturis
1079 807 1184 847 enim
1202 822 1282 850 non
1297 819 1419 865 paret.

164 865 213 915 Ῠ.
235 888 305 915 21.
325 871 408 913 Hic
427 879 559 913 autem
571 901 585 922 ,
611 871 651 912 id
668 877 745 922 est,
777 868 950 912 Christus
967 878 1094 913 autem
1118 876 1342 918 constitutus
1361 883 1420 920 est

105 936 284 980 sacerdos
304 950 391 978 cum
409 937 639 989 juramento.

162 1001 245 1041 Per
263 1016 375 1050 eum,
397 999 438 1042 id
458 1008 536 1052 est,
559 1015 628 1054 per
642 997 798 1041 Patrem
828 1005 1014 1040 aeternum
1029 1028 1040 1049 ,
1064 1000 1127 1054 qui
1151 1007 1247 1044 teste
1264 1000 1393 1047 David
1406 1037 1418 1059 ‚

105 1063 202 1106 dixit
217 1063 266 1104 ad
283 1063 387 1105 illum
403 1078 415 1103 ε

161 1129 318 1170 Juravit
347 1129 583 1170 Dominus...
607 1127 765 1169 firmiter
791 1126 963 1168 decrevit
993 1142 1002 1168 :
1026 1126 1080 1167 Et
1103 1142 1182 1169 non
1215 1132 1419 1182 poenitebit

104 1210 192 1236 eum
206 1224 221 1245 ,
245 1194 286 1236 id
298 1201 371 1245 est,
394 1208 472 1236 non
487 1194 646 1235 mutabit
666 1192 877 1234 decretum.

163 1258 394 1303 Poenitentia
434 1260 537 1300 enirn
570 1257 673 1310 Dei,
706 1259 862 1299 mutatio
897 1258 1099 1299 sententiae
1111 1288 1123 1310 ,
1162 1272 1230 1300 seu
1260 1250 1410 1317 potius,

50 1328 53 1330 ’
103 1324 258 1381 quando
275 1325 391 1365 instar
410 1321 578 1363 hominis
600 1322 758 1363 destruit
780 1321 884 1375 quod
903 1327 990 1362 ante
1007 1319 1160 1363 fecerat.
1181 1321 1289 1366 Deus
1306 1329 1413 1370 enim

78 1413 83 1417 ·
102 1392 256 1448 proprie
272 1390 502 1431 sententiam
520 1402 600 1429 non
615 1394 754 1438 mutat,
776 1390 863 1441 quia
881 1387 957 1428 una
978 1393 1017 1428 et
1034 1387 1170 1429 eadem
1191 1390 1407 1447 voluntate,

102 1456 316 1500 seeundum
336 1454 538 1496 hominum
557 1455 806 1495 mutationem
829 1460 866 1494 et
892 1460 1110 1509 temporum
1132 1454 1408 1511 diversitatem,

102 1523 173 1565 alia
188 1530 227 1565 et
243 1522 312 1564 alia
328 1521 501 1563 facienda
523 1521 704 1576 disponit.

81 1598 89 1601 ”
159 1582 207 1632 fi.
230 1602 298 1629 22.
318 1587 365 1628 In
388 1589 543 1627 tantiam
566 1585 734 1625 melioris
754 1587 998 1633 testamenti,
1030 1584 1070 1625 id
1090 1591 1170 1634 est,
1203 1586 1245 1627 in
1265 1591 1412 1634 tantum

102 1653 207 1695 idem
217 1654 332 1694 Jesus
353 1650 676 1704 Christussactus
693 1659 752 1691 est
781 1665 957 1704 sponsor,
984 1650 1199 1702 fidejussor,
1221 1654 1410 1698 mediator

102 1721 397 1775 praestantioris,
423 1726 461 1760 et
479 1718 782 1769 excellentioris,
810 1724 847 1758 et
865 1718 1040 1758 firmioris
1057 1719 1156 1771 pacti
1170 1720 1266 1760 inter
1279 1719 1410 1765 Deum

82 1795 142 1830 ret
162 1786 365 1838 homines,
386 1787 423 1825 in
447 1784 631 1826 aeternum
646 1783 789 1825 scilicet
807 1783 965 1824 valituri.

158 1851 415 1895 Ratiocinatio
432 1847 607 1905 Apostoli
635 1847 718 1889 haec
741 1854 828 1889 est·
856 1844 974 1898 Quod
993 1849 1165 1888 statuitur
1194 1862 1280 1891 cum
1305 1854 1413 1906 jura..

100 1924 235 1963 mento
248 1947 260 1968 ‚
279 1916 424 1958 firmius
443 1921 501 1956 est
523 1917 636 1970 quam
655 1912 745 1954 illud
766 1912 869 1968 quod
887 1914 970 1952 sine
982 1911 1196 1962 juramento
1216 1919 1385 1960 statuitur
1404 1935 1413 1959 :

101 1985 205 2040 atqui
216 1980 469 2024 sacerdotium
486 1976 627 2020 Christi
645 1979 857 2018 institutum
871 1973 962 2017 essa
985 1974 1072 2017 Deo
1090 1981 1174 2017 c‘um
1188 1979 1413 2036 iuramento,

85 2054 197 2090 ¹teste
225 2043 379 2096 David,
402 2040 546 2084 Psalm.
570 2057 672 2099 ¹093
695 2041 947 2082 sacerdotium
967 2045 1059 2082 vero
1076 2039 1303 2087 Leviticum
1326 2050 1411 2091 sine

98 2116 317 2167 juramento
336 2127 345 2150 ε
367 2124 456 2164 ergo
474 2109 726 2151 sacerdotium
744 2105 886 2149 Christi
912 2104 1088 2148 Levitico
1107 2107 1250 2151 firmius
1271 2119 1310 2155 et
1328 2128 1408 2156 ex-

98 2180 293 2224 cellentius
312 2182 385 2217 est.

156 2243 263 2288 Sicut
278 2249 405 2285 autem
421 2238 674 2281 sacerdotium
691 2244 748 2280 est
766 2235 1016 2279 excellentius
1031 2251 1040 2288 ;
1067 2240 1118 2280 ita
1135 2246 1411 2288 ettestamen-

94 2320 179 2356 aun
197 2310 363 2365 :pariter
383 2307 485 2347 enim
505 2303 730 2360 procedunt.

152 2379 202 2427 ψ.
220 2376 289 2419 23.
314 2375 367 2415 Et
383 2374 458 2414 alii
471 2372 621 2427 quidem
635 2368 884 2426 pluresfactt'
897 2376 1036 2412 sunt...

155 2445 288 2491 Altera
306 2440 478 2497 probatio
495 2444 533 2480 et
549 2436 792 2492 excellentia.
