1430 2658
67 93 83 119 1
93 75 147 119 56
445 83 660 115 EPISTQLAE
691 84 751 116 an
779 83 983 115 nummos

411 309 639 358 CAPUT
667 307 1018 356 OCTAVUM.
1094 295 1099 299 ⁵

630 452 791 494 Textus.

73 552 412 634 1.CA91TULUM
434 594 582 630 autem
604 600 737 642 super
759 599 811 628 ea
830 599 927 641 quae
946 580 1155 628 dicuntur
1173 577 1369 625 :Talem

58 661 271 708 hahemus
306 658 578 707 Pontificem
608 646 683 716 oui
725 655 922 705 consedit
962 656 1010 703 in
1043 653 1222 703 dextera
1253 651 1368 702 sedis

58 733 373 795 magnitudinis
392 733 440 779 in
460 730 590 780 coelis.

120 908 159 934 2.
182 887 450 934 Sanctorum
468 884 669 932 minister
685 920 698 942 ‚
718 894 762 931 et
792 882 1066 931 tabernaculi
1103 878 1225 938 veri,
1249 877 1369 938 quod

61 960 157 1009 fixit
178 961 406 1009 Dominus
425 970 467 1007 et
489 977 579 1007 non
599 958 750 1006 homo.

118 1164 158 1207 3.
183 1158 349 1206 Omnis
371 1157 492 1205 enim
514 1156 723 1205 Pontifex
744 1155 800 1203 ad
823 1153 1105 1202 offerendum
1122 1166 1311 1201 munera
1327 1159 1372 1200 et

62 1233 231 1282 hostias
256 1232 536 1280 constituitur
556 1253 565 1276 ι
585 1231 704 1278 unde
725 1248 903 1280 necesse
922 1240 989 1277 est
1006 1239 1050 1276 et
1066 1227 1188 1276 hunc
1207 1226 1372 1276 habete

60 1308 230 1369 aliquid
247 1307 368 1367 quod
391 1305 575 1354 offerat:

119 1562 159 1613 4.
193 1556 242 1604 Si
270 1573 380 1617 ergo
406 1563 517 1603 esset
541 1570 675 1612 super
701 1562 880 1610 terram,
901 1570 984 1600 nec
1005 1562 1120 1600 esset
1137 1553 1367 1602 sacerdost

64 1634 164 1678 cum
185 1639 356 1688 essent,
376 1628 451 1687 qui
473 1627 686 1675 offerrent
710 1625 955 1674 secundum
976 1626 1117 1688 legem
1140 1642 1344 1686 munera,
1374 1684 1377 1685 ⁷

129 1833 170 1876 5.
200 1826 295 1891 Qui
327 1827 566 1886 exemplari
586 1837 627 1873 et
646 1826 813 1874 umbrae
835 1826 1088 1874 deserviunt
1108 1826 1372 1878 coelestium.

72 1901 195 1951 Sicut
230 1920 495 1961 responsum
521 1912 586 1949 est
606 1902 786 1961 Moysi,
807 1907 908 1949 cum
948 1913 1279 1950 consummaret
1301 1913 1376 1951 ta·-

46 1978 360 2026 ·‘bernaculum
380 1999 389 2024 :
414 1977 556 2033 Vide(
576 1977 766 2035 inquit),
783 1976 935 2024 omnia
968 1975 1098 2024 facito
1131 1977 1376 2026 secundum

72 2050 318 2109 exemplar,
343 2051 462 2109 quod
483 2049 561 2096 tibi
580 2062 806 2098 ostensum
823 2049 947 2099 estin
967 2060 1132 2098 monte.

37 2136 72 2148 ⁴

128 2246 170 2290 6.
201 2241 336 2289 Nunc
368 2250 514 2287 autem
549 2239 709 2287 melius
739 2238 919 2286 sortitus
957 2247 1023 2284 est
1058 2235 1376 2294 ministerium,

23 2317 26 2322 ’
71 2319 235 2376 quanto
255 2326 299 2363 et
317 2313 509 2362 melioris
533 2314 809 2361 Testamenti
832 2312 1051 2359 mediator
1071 2321 1163 2370 est,
1183 2310 1303 2370 quod
1332 2311 1378 2357 in

46 2419 49 2425 κ
74 2390 329 2440 melioribus
348 2388 762 2448 repromissionibus
784 2387 1002 2435 sancitum
1026 2396 1105 2435 est.
