1430 2658
24 77 105 123 152
375 78 612 125 rmsrom
640 75 701 109 An
730 73 944 110 nmmos

22 154 110 210 iicet
129 153 149 194 a
167 148 309 192 dextris
326 143 405 188 Dei
419 142 619 187 sedentem
633 171 646 194 ‚
664 153 748 183 esse
765 145 896 180 tamen
916 137 969 178 ibi
987 133 1180 190 pubiicum
1195 123 1326 177 saero-

25 232 110 261 rum
127 216 340 258 ministrum
357 241 368 261 ‚
391 222 460 252 seu
483 206 706 264 pontificem
723 236 734 256 ‚
753 204 885 258 ibique
903 201 961 244 sui
987 194 1231 255 pontificatus
1247 199 1329 242 mi-

26 282 180 324 nisterio
193 278 311 329 fungi,
323 289 403 318 non
412 276 559 317 tantum
573 267 867 325 interpellando,
881 273 922 309 ut
935 265 1031 307 dixit
1044 277 1126 319 cap.
1141 260 1243 326 px.
1256 262 1328 313 25,

29 345 99 393 sed
118 340 393 386 et·offerendo.
1228 326 1232 330 ’

88 407 228 451 Omnis
249 401 431 461 pontifex
450 399 697 442 constituitur·
715 397 771 439 od
787 394 1045 451 offerendum,
1069 381 1212 437 scilicet
1230 391 1334 439 Deo.

88 474 277 523 Munera,
300 471 340 514 id
361 476 440 521 est,
461 466 606 509 hostias
626 466 840 507 incruentas
856 492 869 516 ‚
891 474 1027 516 panem
1041 490 1053 513 ‚
1074 461 1227 514 vinum,
1249 459 1332 503 fru-

34 553 102 596 ges
116 569 127 590 ‚
158 545 233 581 etc.

89 604 143 647 Et
161 605 326 650 hostias,
350 598 389 640 id
408 604 492 650 est,
515 597 687 639 victimas
709 599 884 636 cruentas
916 599 954 634 et
978 605 1046 647 per
1071 591 1198 646 ignem
1217 594 1332 635 sacri·

35 669 214 712 ficandas.

102 734 211 776 Unde
230 743 380 773 necesse
399 733 455 767 est
473 732 510 766 et
533 724 680 765 hunc...
706 719 803 764 Cum
834 735 924 774 ergo
939 750 950 771 ‚
973 721 1136 776 utsupra
1161 734 1210 762 ex
1231 717 1337 763 Psal.

37 801 238 855 probatum
259 802 344 845 est,
377 790 548 834 Christus
572 791 620 830 sit
642 787 818 829 sacerdos
837 788 875 826 in
896 792 1079 828 aeternum
1093 814 1104 836 ‚
1128 790 1166 826 et
1188 783 1339 828 aliunde
1397 808 1400 812 ,

40 854 260 906 correlative
280 862 354 901 sint
374 855 550 900 sacerdos
581 860 618 895 et
641 851 781 894 oblatio
796 881 808 903 ‚
833 863 991 892 necesse
1013 855 1069 890 est
1099 854 1142 889 ut
1167 846 1341 891 Christus

39 927 214 983 pontifex
247 930 399 973 noster,
428 922 540 963 etiam
569 920 608 958 in
641 915 735 957 coelo
769 914 970 956 collocatus
994 908 1039 954 *et
1065 911 1113 954 ad
1144 910 1342 955 dexteram

40 990 117 1035 Dei
137 990 296 1039 sedens,
321 986 458 1027 habeat
477 979 639 1036 aliquid,
664 993 731 1020 seu
752 992 888 1019 munus
903 1007 915 1029 ‚
942 976 1010 1017 seu
1029 975 1217 1024 hostiam,
1240 976 1342 1031 quod

44 1054 190 1098 offerat.

102 1118 221 1172 Quod
238 1121 276 1159 in
299 1115 460 1156 sormam
479 1115 603 1164 potest
629 1110 677 1148 ita
701 1106 817 1159 redigi
838 1121 847 1145 :

102 1183 241 1226 Omnis
276 1177 447 1234 pontifex
480 1174 716 1215 constituitur
755 1169 803 1210 ad
843 1166 1087 1211 offerendum
1122 1183 1279 1213 munera
1307 1180 1347 1214 et

45 1249 186 1291 hostias
207 1263 216 1287 ε
236 1245 336 1299 atqui
359 1239 531 1283 Christus
554 1243 610 1277 est
627 1232 802 1290 pontifex
821 1235 858 1273 in
882 1238 1070 1274 aeternum
1090 1248 1098 1282 ;
1121 1246 1212 1288 ergo
1233 1231 1348 1276 offert

45 1312 136 1357 Deo
155 1323 313 1354 munera
340 1313 378 1350 et
400 1304 542 1346 hostias
567 1304 679 1342 etiam
699 1301 738 1340 in
757 1297 865 1339 coelo.

408 1420 677 1452 OBSERVA'HO
700 1417 977 1448 DoGMA'rtCA.

34 1530 37 1533 ·
111 1519 190 1562 Sed
208 1532 382 1574 quaenam
405 1523 460 1558 est
480 1515 537 1556 illa
560 1516 712 1555 victima
729 1527 840 1566 quam
859 1510 972 1553 offert
994 1508 1179 1556 Pontifex
1195 1519 1355 1559 noster?

109 1583 234 1627 Divus
262 1583 400 1627 Paulus
431 1594 513 1623 eam
538 1581 714 1632 negative
740 1577 920 1618 describit
945 1578 984 1617 in
1007 1591 1119 1619 versu
1151 1582 1358 1634 sequenti,

55 1651 186 1692 dicens
207 1662 284 1688 non
300 1660 383 1688 esse
404 1644 493 1698 quid
515 1650 728 1688 terrenum;
751 1640 819 1681 sed
835 1633 996 1695 positive
1019 1639 1199 1683 describit
1217 1643 1256 1684 in
1276 1658 1361 1702 cap.

56 1731 162 1761 nono
181 1708 228 1757 ᾗ,
263 1730 326 1756 12.
345 1707 392 1756 fi.
417 1712 467 1753 25
489 1727 498 1750 τ
526 1711 698 1764 Apparet
723 1709 851 1750 νιιῖίιιί
873 1708 950 1748 Dei
966 1722 1037 1763 pro
1059 1709 1184 1750 nobis.

118 1778 292 1832 seipsum
315 1790 407 1831 ergo
439 1774 527 1816 Deo
551 1771 657 1814 Patri
682 1774 859 1813 continue
897 1769 1032 1824 offert,
1049 1774 1144 1814 etin
1170 1774 1291 1828 coeHs,
1326 1785 1363 1819 ct

61 1850 100 1887 in
118 1844 242 1885 terris.

118 1911 166 1955 Ῑῐι
190 1908 285 1952 coeto
306 1907 472 1959 seipsum
507 1901 643 1954 offert,
668 1908 846 1956 tanquam
868 1902 956 1944 olim
980 1906 1018 1945 in
1045 1919 1155 1961 cruce
1172 1910 1363 1951 occisum:

66 1981 228 2032 apparet
253 1985 358 2014 mmo
375 1968 501 2012 vultui
526 1966 606 2007 Dei
626 1982 695 2018 pro
714 1966 840 2017 nobis,
858 1966 1056 2009 vulnerum
1083 1972 1266 2023 passionis
1289 1987 1368 2015 suae

65 2042 226 2095 vestigia
243 2037 331 2080 Deo
351 2032 658 2090 repraesentando
677 2039 712 2074 et
731 2046 797 2086 per
814 2046 858 2074 ea
873 2064 884 2085 ,
903 2034 1006 2088 quasi
1024 2049 1091 2088 per
1117 2043 1174 2078 tot
1193 2052 1279 2089 ora,
1299 2042 1369 2082 in-

70 2103 324 2161 terpellando,
343 2105 385 2140 ut
399 2097 510 2150 hujus
531 2110 610 2138 suae
633 2097 817 2151 passionis
835 2099 968 2138 merita
995 2097 1106 2139 nobis
1123 2100 1370 2154 applicentur.

124 2170 170 2214 In
199 2170 308 2211 terris
332 2172 457 2206 autem
486 2164 731 2216 semetipsum
756 2160 866 2203 offert
897 2177 1010 2216 super
1029 2163 1140 2206 altare
1160 2180 1231 2219 per
1248 2170 1372 2211 missae

2 2236 10 2240 -
70 2232 293 2279 sacrificium
308 2262 318 2282 ‚
339 2232 379 2271 in
399 2242 473 2283 quo
492 2242 576 2269 sese
589 2259 601 2280 ‚
621 2234 799 2281 tanquam
817 2228 1012 2282 primarius
1030 2230 1207 2272 sacerdos
1225 2235 1373 2275 immo--

70 2301 121 2342 tat
135 2331 146 2351 ‚
170 2303 208 2340 et
223 2294 676 2337 transsubstantiationem
698 2294 855 2346 peragit.

133 2361 306 2406 Christus
335 2357 502 2401 mortalis
529 2357 665 2400 obtulit
687 2370 824 2398 munus
839 2388 851 2410 ‚
878 2357 916 2398 id
937 2366 1016 2410 est,
1039 2354 1319 2406 Eucharistiam-
1337 2366 1377 2408 in

75 2429 204 2473 ultima
228 2438 360 2475 coena',
386 2422 520 2465 obtulit
542 2422 704 2464 hostiam
723 2452 735 2476 ‚
763 2424 930 2477 seipsum
962 2425 1001 2466 in
1025 2439 1146 2471 cruce·
