1430 2658
347 89 376 118 ‘r
392 87 546 121 ummx
565 87 814 126 exposirioq
826 76 924 131 Cap.
969 76 1004 117 V
1006 73 1072 118 114
1316 69 1393 117 151

23 206 29 218 ἦ
82 159 123 198 et
136 165 209 196 nos
228 152 333 196 hunc
351 160 521 198 nostrum
551 168 744 196 summum
762 153 983 208 pontificem
1003 150 1198 195 Christum
1213 183 1226 205 ‚
1245 153 1284 194 in
1303 166 1398 211 om—

82 221 197 263 nibus
213 221 309 264 illius
321 223 502 264 ministris
512 222 670 270 intueri;
685 219 733 261 ad
748 218 853 261 hunc
862 218 1167 260 sanctificationis
1181 223 1394 270 auctorem,

81 298 151 340 per
167 300 304 330 omnes
314 294 466 330 nostros
482 289 630 342 pietatis
650 292 755 327 actus
767 316 778 336 ‚
800 298 993 326 recurrere
1010 301 1021 332 ;
1047 284 1096 325 ab
1108 283 1185 325 hoc
1202 283 1398 325 benedic-

80 352 195 393 tionis
222 350 328 395 fonte
341 384 352 405 ,
372 360 695 396 sacramentorum
712 353 760 393 ab
779 353 861 405 ipso
880 352 1135 391 institutorum
1166 356 1204 391 et
1225 364 1294 404 per
1313 352 1397 404 eius

80 415 275 458 ministros
291 417 406 458 nobis
426 416 645 466 collatorum
656 448 667 466 ‚
687 415 1000 458 benedictionem
1017 420 1254 467 exspectare.

139 476 274 522 Discat
291 483 486 537 speciatim
503 483 629 524 omnis
639 480 762 523 fidelis
777 480 825 520 ab
844 476 1040 521 Abraham
1057 509 1068 528 ‚
1088 477 1258 519 fidelium
1271 484 1394 530 patre,

81 540 278 587 Christum
293 547 332 587 in
350 549 428 588 suis
448 547 597 588 vicariis
615 548 804 596 revereri,
827 547 863 587 ei
878 545 1046 586 decimas
1060 542 1210 584 solvere
1226 556 1237 592 ;
1256 543 1304 583 ab
1318 557 1365 583 eo
1380 572 1394 595 ‚

81 622 149 664 per
167 625 300 653 eorum
319 613 571 654 ministerium
585 643 596 665 ‚
615 612 931 654 benedictionem
949 617 984 651 et
1000 615 1241 663 peccatorum
1257 609 1396 650 remis-

81 676 231 717 sionem
251 683 397 730 petere.

136 737 177 782 A
199 738 486 784 Melchisedech
507 748 634 783 autem
656 739 773 781 discat
795 731 938 782 Christi
962 741 1144 791 vicarius,
1171 752 1238 780 seu
1259 752 1395 780 sacer-

79 805 150 847 dos
167 804 392 847 christianus
405 837 418 855 ‚
445 803 818 847 Christum-fideliter
835 804 1034 846 exhibere.

136 869 294 922 Primo,
327 875 375 914 sit
398 873 489 914 Rex
502 903 516 922 ,
553 887 618 914 cor
638 874 784 927 regium
803 871 943 914 habeat
958 902 969 922 ‚
1000 874 1020 912 ὲ
1043 872 1188 925 peccati
1211 874 1395 914 servitute

77 937 230 991 penitus
251 937 415 980 alienum
428 969 440 988 ‚
461 936 738 992 affectuumque
758 952 911 980 suorum
933 938 1125 979 dominus.

135 1000 316 1046 Secundo
331 1036 342 1056 ‚
363 1009 412 1066 sit
431 1009 524 1047 vere
543 1005 731 1046 altissimi
751 1002 833 1044 Dei
848 1004 1051 1052 sacerdos,
1075 999 1163 1044 Deo
1182 1005 1274 1044 vere
1290 1016 1396 1044 sacer

79 1075 120 1110 et
137 1075 236 1111 totus
247 1069 427 1123 devotus,
449 1071 498 1112 illi
520 1071 590 1112 soli
605 1074 697 1113 vere
715 1073 868 1122 serviat,
885 1072 943 1112 cui
956 1071 1117 1122 servire,
1131 1082 1289 1123 regnare
1310 1075 1392 1116 est;

77 1135 126 1177 illi
139 1136 208 1179 soli
228 1137 377 1186 militet,
397 1139 490 1181 illius
506 1138 662 1193 gloriam
682 1145 822 1194 quaerat
838 1140 878 1180 in
899 1138 1103 1186 omnibus3
1125 1137 1283 1190 ejusque
1302 1149 1396 1189 reg-

72 1202 377 1258 *numquamum
393 1205 442 1247 illi
458 1205 512 1247 sas
522 1211 593 1256 est,
605 1205 787 1247 extendat
801 1223 810 1254 ;
827 1206 957 1260 sicque
968 1206 1059 1246 vere
1072 1218 1141 1245 rex
1155 1200 1396 1244 etsacerdos.

134 1263 298 1322 Τεῐίίὸ,
325 1272 374 1311 sit
395 1272 478 1311 sine
506 1278 643 1323 patre,
671 1273 754 1312 sine
777 1278 928 1319 matre,
967 1271 1071 1323 quasi
1105 1274 1282 1323 parentes
1313 1276 1394 1310 non

74 1328 227 1373 habeat.
676 1381 681 1385 ,

132 1395 310 1450 Quarto,
346 1400 430 1440 sine
465 1399 718 1455 genealogici,
745 1415 823 1442 non
846 1399 1016 1458 attendat
1046 1399 1094 1440 ad
1115 1411 1260 1453 genus,
1287 1396 1395 1449 quasi

74 1463 158 1504 sine
180 1477 316 1514 carne,
350 1466 432 1508 sine
468 1469 677 1521 sanguine,
710 1463 868 1508 Christo
887 1465 957 1507 soli
985 1470 1173 1515 attentus,
1202 1462 1394 1517 splendori

73 1529 287 1584 gloriae‚‘et
310 1533 412 1575 unde
426 1549 516 1576 vera
539 1535 668 1588 gloria.

133 1595 315 1652 Denique
330 1630 340 1649 ,
376 1602 480 1653 quasi
508 1607 671 1641 aeternus
698 1607 736 1641 et
757 1599 805 1640 ad
829 1601 1080 1641 aeternitatem
1104 1597 1222 1638 solam
1252 1601 1363 1638 natus
1379 1625 1390 1646 ‚

74 1661 294 1715 temporalia
311 1670 484 1718 spernat,
504 1664 581 1705 sola
602 1670 738 1720 quaerat
759 1669 911 1706 aeterna.

622 1765 833 1805 sicorim.

130 1848 303 1907 Concipe
328 1850 644 1903 Melchisedech,
671 1853 813 1897 Christi
844 1855 981 1896 summi
1010 1853 1203 1909 pontificis
1234 1852 1393 1906 figuram

74 1917 253 1972 quidem:
286 1926 324 1960 at
343 1922 501 1975 concipe
522 1919 743 1972 Christum,
768 1921 863 1963 illius
884 1922 1012 1976 ligurae
1032 1923 1256 1971 veritatem,
1277 1933 1393 1960 com-

71 1982 309 2038 plementum
326 1991 363 2025 et
380 1983 770 2035 consummationem3

129 2045 303 2102 Concipe
329 2064 420 2104 ergo
444 2053 482 2092 in
513 2059 673 2107 utroque
706 2051 961 2094 sacerdotium
992 2050 1149 2106 quidem
1176 2048 1324 2099 simile,
1356 2054 1395 2089 at

70 2107 191 2154 muffo
207 2113 403 2154 sublimius
421 2116 674 2158 sacerdotium
694 2114 835 2158 Christi
852 2113 1067 2158 sacerdotio
1084 2111 1394 2156 Melchisedech.

127 2172 417 2218 Melchisedech
438 2177 506 2219 fuit
526 2176 667 2221 Christi
687 2180 875 2235 pontificis
894 2187 934 2236 t)
938 2195 1035 2236 pus,
1056 2178 1175 2232 figura
1195 2183 1233 2219 et
1251 2175 1393 2218 simili-

68 2239 163 2281 tudo
184 2241 378 2295 singularis
399 2257 408 2282 :
428 2244 513 2296 quia
530 2245 625 2285 sicut
647 2244 706 2286 ille
725 2259 866 2298 panem
887 2252 923 2286 et
939 2247 1079 2286 vinum
1098 2242 1191 2287 Deo
1205 2271 1217 2293 ‚
1240 2243 1280 2282 in
1298 2253 1391 2293 gra-

70 2308 205 2351 tiarum
227 2311 440 2363 actionem,
467 2325 536 2366 pro
561 2313 718 2353 victori&
739 2314 789 2354 ab
815 2310 1040 2355 Abrahamo
1062 2308 1277 2367 reportata,
1307 2309 1390 2349 ob·-

67 2372 176 2425 tulit,
201 2389 246 2416 ac
266 2375 408 2417 deinde
433 2375 492 2417 illa
515 2374 604 2419 Deo
632 2377 756 2419 oblata
784 2380 823 2419 in
849 2378 988 2421 milites
1010 2376 1183 2420 Abrahae
1209 2372 1388 2424 libanda,

68 2435 107 2477 id
127 2444 206 2490 est,
231 2439 489 2494 participanda
507 2447 546 2483 et
569 2441 807 2484 comedenda
831 2443 1042 2492 distribuit3
1111 2489 1114 2491 ,
