1430 2658
16 90 19 93 ·
84 90 170 132 27²
460 83 703 118 mmmm.
724 85 784 117 an
812 86 1021 132 numos
1081 125 1085 131 ί
1111 117 1116 122 .

140 141 287 190 ‘Mirum
323 146 443 190 habes
482 146 596 200 hujus
629 142 724 190 fidei
760 155 798 191 et
827 147 1059 191 fortitudinis
1094 145 1322 208 exemplum
1359 150 1400 197 in

85 209 251 267 Moyse,
274 213 337 264 qui
361 225 546 266 regnum,
575 225 694 267 opes,
725 211 877 254 delicias
900 210 1059 272 AEgypti
1083 207 1400 275 possposuitaop-

86 278 242 330 probrio
272 275 444 328 Christi;
473 279 538 334 qui
563 279 664 332 regis
683 277 851 320 edictum
877 291 955 319 non
977 275 1287 332 timuitrssxom
1321 293 1396 333 10,
1424 305 1430 311 ·

87 339 148 395 ss.
173 340 243 384 28.

147 406 276 461 Hujus
297 406 528 451 fortitudinis
551 411 779 464 praesagium
811 408 918 451 dedit
940 405 1102 464 Moyses
1131 408 1284 460 insana
1310 413 1399 456 cum

85 477 193 516 enim
213 469 368 516 Pharao
388 489 497 516 suum
513 474 561 515 iili
588 474 761 516 diadema
780 490 849 530 per
861 472 994 526 jocum
1016 466 1276 531 imposuisset,
1304 474 1399 519 illud

84 541 126 581 in
146 546 282 598 terram
303 540 439 594 abjecit
455 537 615 595 Moyses
628 569 640 592 ‚
659 542 709 581 ait
734 538 761 581 J
765 540 903 596 oseph.
919 539 1056 596 Antiq.
1078 557 1127 592 2,
1155 539 1203 585 5..

142 601 235 647 Duo
253 602 437 660 Moysem
454 604 677 648 roborarunt
690 605 740 648 ad
756 606 948 661 agendum
971 613 1008 648 et
1027 606 1076 647 ad
1095 606 1332 662 patiendum

146 667 348 722 Primum,
379 678 554 725 aspectus
582 674 900 727 remunerationis
938 672 1126 715 aeterxiae:
1166 670 1396 727 Aspiciebat

84 739 246 780 enimin
268 741 630 787 remunerationem,
660 732 708 782 fi.
731 738 799 782 25.

143 801 385 853 Secu-ndum,
413 811 587 857 aspectus
624 802 700 846 Dei
737 806 961 855 continuus,
995 804 1195 859 divinique
1224 804 1399 857 adjutorii

84 876 187 912 certa
197 872 433 925 exspectatio
446 886 455 912 ε
473 867 712 912 Invisibilem
724 872 826 912 enim
838 878 1028 926 tunquam
1042 871 1178 914 videns
1196 871 1399 921 sustinuit,

84 928 136 979 Ῠ.
157 946 227 987 27.

146 999 248 1042 Haec
271 999 346 1042 duo
362 1002 437 1041 sint
454 1001 595 1042 animae
615 1007 690 1041 tuae
707 1002 743 1041 in
760 1001 974 1042 actionibus
995 1006 1034 1041 et
1055 999 1299 1054 passionibus
1318 997 1400 1046 sul-

80 1080 162 1109 cra.

141 1129 381 1173 Invisibilem
403 1133 508 1186 quasi
524 1130 660 1172 videns
675 1131 842 1180 sustine,
866 1136 904 1172 et
921 1128 1012 1171 nihil
1033 1130 1201 1173 timebis.

141 1195 342 1244 AEternam
380 1199 508 1253 aspice
538 1199 914 1248 remunerationem,
941 1194 1039 1239 nihil
1064 1202 1258 1239 terrenum
1285 1208 1398 1238 ama-

82 1264 167 1315 bis,
191 1263 291 1306 nulla
307 1262 406 1305 mata
428 1262 650 1317 temporalia
668 1261 951 1305 reformidabis.

145 1327 184 1372 O
206 1327 339 1382 Deus,
366 1328 461 1372 mihi
480 1345 635 1385 semper
661 1337 698 1373 et
723 1330 868 1386 ubique
889 1329 1086 1386 praesens!
1117 1330 1165 1372 da
1183 1326 1278 1372 mihi
1297 1340 1395 1370 con—-

86 1397 230 1437 tinuam
254 1402 326 1437 tuae
353 1398 568 1450 praesentiae
592 1395 710 1439 fidem
731 1412 739 1436 :
760 1403 799 1438 te
819 1397 984 1450 cogitem
999 1427 1012 1447 ‚
1036 1401 1075 1437 te
1097 1394 1274 1451 diligam,
1296 1395 1337 1437 in
1361 1399 1401 1436 te

86 1460 278 1503 confidam
293 1491 305 1513 ‚
328 1476 456 1503 coram
477 1469 515 1503 te
533 1462 728 1504 ambutem
749 1477 758 1503 z
776 1461 871 1503 Non
890 1459 1033 1502 timebo
1058 1463 1185 1512 mala,
1216 1461 1403 1515 quoniam

85 1532 129 1566 tu
150 1541 302 1567 mecum
323 1542 388 1577 es,
420 1527 604 1571 Domine.
