1474 2658
65 117 172 177 390
387 126 524 159 mnssx
553 128 708 160 unnim
735 129 791 158 m·
819 127 1109 159 vznnonmr.

81 188 183 226 Crux
209 187 353 225 Christi
382 189 486 225 nuda
504 187 595 238 suit,
626 188 787 261 simplex
805 186 855 224 sit
879 188 1057 234 verbum,
1077 198 1170 227 sen
1164 186 1414 240 predatio

131 245 326 284 Crucifixi.
348 246 402 284 II.
420 249 482 286 24.
1404 247 1413 258 '

82 308 176 342 Mors
193 303 338 340 Christi
360 305 439 342 vita
454 307 580 342 nostra
593 309 672 351 est,
691 304 804 342 nobis
811 304 884 340 Dei
900 272 1023 341 virtus
1038 308 1118 349 cst·
1137 253 1230 345 iring
1239 300 1400 360 simplex

131 363 245 411 hujus
258 363 389 400 morus
396 363 619 412 praedicatio
633 363 801 400 medium
818 366 876 399 est
889 373 964 413 quo
977 362 1043 399 Dei
1053 364 1227 411 potentia
1239 367 1399 406 salutem

129 426 299 459 nostram
320 423 403 460 vult
421 422 582 470 operari.
604 422 660 459 II.
678 425 739 459 25.

80 483 159 517 Hoc
176 483 276 517 Deus·
293 481 467 529 praedixit
483 492 551 529 per
567 481 720 519 Isaiam.
737 491 770 516 c.
791 484 860 528 29,
880 491 916 517 v.
946 479 1147 519 14.1bid.·

81 539 160 572 Hoc
181 535 228 572 de
248 534 349 572 facto
372 536 621 584 adimpletum
641 539 723 572 est:
745 535 946 573 infatuavit
972 540 1075 574 Deus
1093 537 1226 575 mundi
1245 539 1399 603 sapien-

126 594 239 638 tiam3
261 595 387 643 palam
408 595 573 631 ostendit
592 606 672 632 esse
691 594 849 631 fatuam.
869 593 925 633 ΙΙ.
943 599 1005 633 26.

77 652 197 700 Hujus
212 653 301 690 facti
320 653 492 689 redditur
510 653 619 691 ratio.
635 653 692 691 II.
714 657 775 690 26.
799 657 861 693 27.
916 663 919 669 ·

80 712 307 759 Eloquentia
326 713 547 760 apostolica.
564 710 681 759 Quae?
698 711 752 748 II.
769 713 830 748 44.
886 720 888 722 ’

82 770 430 807 Demonstrationes
451 771 682 819 apostolicae.
704 769 822 817 Quae?
838 769 894 806 11.
919 772 980 807 43.
1003 771 1064 805 44.

82 827 293 876 Apostolici
307 828 379 864 viri
394 839 478 877 quae
492 827 710 877 etoquentia
728 831 766 865 et
783 839 867 876 quae
885 825 1251 866 demonstrationes?
1266 825 1322 866 11.
1338 829 1399 866 44.

621 923 868 957 EPAPHRAS.

82 998 277 1048 Epaphras
297 999 580 1038 Colossensium
594 1002 811 1050 episcopus.
830 998 905 1039 IV.
929 1002 1015 1037 306.
1039 1002 1124 1037 307
1159 1050 1161 1052 ¹

87 1056 199 1094 Illius
217 1058 311 1093 laus
336 1058 437 1094 Ibid.

86 1112 145 1150 De
162 1114 310 1151 eodem.
332 1114 384 1156 V.
408 1119 494 1153 338.

560 1184 914 1220 EPAPHRODITUS.

87 1265 381 1314 Epaphroditus.
405 1266 494 1312 Quis
511 1265 527 1302 ?
545 1266 606 1305 IV
630 1270 711 1303 186.

83 1323 262 1370 Ejusdem
280 1323 423 1362 laudes.
444 1325 517 1366 IV.
541 1331 628 1363 237.

531 1419 729 1452 EPHESL'S
744 1442 754 1461 ‚
774 1419 961 1452 EPHESII.

86 1508 360 1557 Ephesiorum,
382 1518 449 1544 seu
462 1509 510 1544 ad
527 1508 711 1556 Ephesios
725 1509 914 1556 epistola:
936 1507 1002 1544 ubi
1018 1510 1054 1544 et
1067 1505 1220 1555 quando
1236 1504 1407 1552 scripta?

138 1565 213 1607 IV.
235 1578 284 1611 v,
307 1565 346 1602 in
361 1566 594 1615 praefationis
612 1566 740 1602 initio.
1143 1581 1146 1584 ⁴
1227 1578 1233 1584 ·
1385 1591 1387 1594 ⁴

87 1623 167 1661 Cur
178 1624 381 1671 aliquando
402 1625 503 1660 dicta
516 1621 917 1662 adLaodmensesHV
934 1598 1267 1670 v111.praefatioriis
1279 1617 1405 1680 initio.

88 1684 179 1731 Quis
197 1682 372 1732 Apostoli
398 1695 535 1732 scopus
553 1683 592 1719 in
611 1682 682 1719 hac
704 1679 895 1732 epistola?
924 1681 1026 1719 Ibid.

87 1744 175 1778 Haec
193 1739 352 1787 epistola
371 1751 447 1788 prae
464 1741 609 1777 caeteris
629 1741 801 1777 obscura.
819 1744 965 1785 Quare.
955 1738 972 1762 ’ν’
989 1737 1145 1778 IV.v1.

86 1800 173 1837 Haec
189 1796 348 1845 epistola
367 1798 546 1846 majorem
568 1798 715 1834 redolet
732 1796 890 1845 spiritus
905 1800 943 1834 et
963 1796 1120 1833 fervoris
1139 1794 1404 1833 eructantiam.

139 1851 215 1894 IV.
237 1857 276 1890 12.
300 1858 336 1891 3.

91 1912 198 1949 Hanc
220 1910 416 1951 epistolam
431 1910 654 1948 circularem
673 1909 788 1947 fuisse
807 1921 892 1959 quae
908 1910 1085 1959 probant.
1107 1908 1182 1951 IV.
1203 1919 1273 1945 vn.

616 2007 868 2041 EPISCOPUS.

91 2084 191 2132 Quid
206 2111 217 2132 ‚
235 2089 274 2123 et
286 2086 335 2122 ad
347 2085 467 2133 quid?
484 2084 537 2124 V.
561 2089 645 2122 320.
671 2090 756 2123 321.

90 2141 375 2191 Episcopalium
395 2142 636 2180 functionum
652 2144 831 2192 epitome.
852 2142 952 2179 lhid.

88 2195 342 2236 Conditiones
360 2200 398 2235 in
412 2199 591 2248 episcopo
609 2200 813 2248 requisitae.
835 2198 887 2239 V.
905 2204 993 2238 328.

87 2260 178 2303 Quae
196 2257 289 2295 vitia
303 2258 523 2306 episcopum
537 2258 752 2296 dedecent?
769 2257 823 2296 V.
846 2263 930 2296 328.

91 2312 186 2362 Quae
203 2314 363 2352 virtutes
377 2316 556 2364 episcopo
575 2317 734 2354 maxime
750 2315 913 2353 decent?
932 2316 984 2357 V.
1003 2319 1102 2355 329.

86 2372 202 2407 Dotes
213 2369 254 2406 in
267 2371 447 2419 episcopo
465 2373 655 2421 requisitae
671 2385 713 2410 ex
730 2376 837 2421 parte
859 2373 1019 2421 ingenii.
1040 2371 1093 2411 V.
1117 2375 1204 2410 330.

89 2423 268 2472 Episcopi
288 2430 326 2462 et
343 2426 556 2464 sacerdotes
570 2429 656 2476 pliis
676 2428 851 2476 indigent
864 2428 1126 2466 misericordia
1144 2427 1227 2467 Dei.
1248 2425 1302 2468 V.
1319 2430 1404 2468 327.

90 2482 300 2532 Episcopus
319 2484 368 2520 sit
382 2485 467 2521 aliis
487 2487 698 2536 exemplum
716 2488 755 2523 in
773 2487 905 2524 tribus.
919 2487 971 2529 V.
993 2493 1083 2527 348.
