1474 2658
7 68 179 137 ‚³⁹⁰'fi'3'2
204 75 238 105 ις»,
285 58 288 62 ’
326 54 330 55 ⁷
370 78 514 120 mm
540 81 696 116 annun
725 84 782 116 m·
811 85 1063 116 vsanomm.
1289 63 1374 128 42?

0 133 39 154 ⁸
222 140 287 184 ς,
300 142 514 185 timendum
530 145 635 198 ‘1⁰9⁶
649 144 724 181 inis
740 145 942 193 contingit.
961 144 1017 182 Π
1038 147 1126 183 235-

42 197 269 247 mtto
279 202 522 241 Judaeorum
510 214 552 240 m
562 203 734 247 deserto,
755 201 874 249 figula
887 206 943 239 est
955 206 1091 239 nostrae
1107 203 1378 250 prostrationis

27 275 77 295 x
117 261 161 299 in
177 261 341 298 inferno.

0 361 6 367 ,
68 324 174 359 Mers
197 317 416 367 temporalis
441 317 679 364 auctentum,
708 319 845 353 nostrae
873 317 1002 353 mortis
1022 321 1169 355 aeternae
1194 319 1324 356 umbra
1343 323 1384 357 et

121 378 260 423 imago.
278 375 333 412 11.
357 378 444 412 236.
1337 398 1339 401 -

0 446 6 463 ’»
73 435 292 472 Judaeorum
309 432 557 481 praerogativa
573 436 628 469 est
646 430 749 481 quod
775 432 944 469 Christus
965 443 1007 469 ex
1027 432 1081 469 eis
1099 436 1228 478 natus,
1253 444 1382 471 eorum

124 492 200 531 fuit
212 493 358 537 doctor,
378 491 568 553 apostolus
585 496 623 529 et
637 493 877 539 evangelista.
893 491 927 527 1.
949 495 1034 529 385.

77 550 256 589 Gentium
270 549 401 597 gratia
398 575 409 595 ‚
424 548 527 597 quod
537 560 580 585 ex
606 549 860 586 misericordia
873 549 892 584 a
904 547 1100 596 prophetis
1110 548 1288 597 praedicta
1299 553 1388 587 sunt

92 649 105 653 „
130 607 328 657 assumpti.
351 605 452 643 lhid.

79 666 203 702 Judaei
219 666 483 713 repugnabant
502 663 663 700 externis
683 647 836 711 regibus
855 663 1021 699 obedire.
1045 667 1165 708 Quare
1177 661 1241 700 3’1.
1263 667 1348 700 340.

81 721 206 758 Iidem
224 721 346 756 Judaei
365 722 626 768 repugnabant
644 721 786 756 tributa
805 721 963 756 solvere.
984 719 1135 765 Quare?
1152 720 1252 758 Ibid

83 779 344 819 Judaeizelum
366 779 581 822 habebant,
611 789 689 814 non
717 776 874 813 seientia
903 776 1113 812 necessaria
1132 777 1334 817 directum.
1352 778 1388 817 I.

135 840 223 874 268.

85 894 185 932 Talis
211 895 314 985 {essus
340 892 517 940 frequens
536 896 573 928 et
598 893 699 940 apud
717 891 962 928 Christianos,
982 891 1178 936 Quomodo
1196 891 1393 939 corrigen-

135 949 224 986 dus.
269 949 349 988 hid.

86 1010 132 1044 D.
156 1005 292 1041 Paulus
318 1014 396 1039 non
418 1004 579 1040 credidit
607 1003 755 1039 Judaeos
782 1003 828 1038 ab
847 1002 985 1039 aeterna
1014 1005 1132 1039 salute
1157 1006 1392 1052 reprobatos.

135 1061 237 1100 Ibid.

88 1119 190 1166 Vera
210 1116 556 1165 causarejectionis
574 1117 788 1152 Judaeorum
806 1117 878 1153 fuit
895 1118 1047 1154 illorum
1063 1117 1267 1156 infidelitas
1282 1146 1292 1164 ‚
1317 1132 1396 1158 non

139 1177 229 1214 vero
245 1177 397 1213 illorum
411 1181 549 1213 aterna
572 1175 798 1222 reprobatio.
822 1175 855 1211 I.
879 1179 964 1211 252.
988 1180 1074 1212 280.

92 1234 259 1270 Gentiles
283 1237 407 1269 autem
423 1231 607 1279 justitiam
625 1235 712 1267 sunt
731 1231 879 1279 adepti,
906 1232 994 1279 quia
1013 1232 1270 1271 crediderunt.
1294 1235 1396 1272 Ibid.

145 1293 183 1327 et
199 1294 285 1327 280.

97 1347 312 1382 Judaeorum
327 1346 525 1383 conversio
545 1346 729 1395 speranda
748 1346 795 1380 ob
810 1346 899 1381 duo.
919 1345 952 1380 Ι.
975 1349 1060 1382 301.

93 1403 214 1441 Judaei
228 1414 342 1439 canes
357 1407 554 1439 vocantur.
579 1400 728 1447 Quare?
745 1400 820 1439 IV.
837 1404 925 1436 248.

95 1459 270 1496 concisio
286 1485 298 1505 ,
314 1459 456 1505 quare?
473 1463 534 1495 lv.
556 1461 643 1494 249.

96 1518 218 1556 Judaei
236 1518 327 1554 licet
340 1517 529 1553 inereduli
544 1522 582 1553 et
594 1516 787 1561 obstinati,
798 1520 874 1552 Deo
890 1519 1012 1551 tamen
1027 1517 1075 1551 ob
1089 1520 1237 1553 sanctos
1250 1519 1408 1565 patriar-

147 1575 237 1610 chas
254 1578 340 1609 sunt
357 1573 476 1609 chari.
496 1578 524 1609 Ι.
545 1577 630 1609 302.

97 1640 119 1672 J
124 1634 241 1679 udaei,
265 1633 407 1670 invidia
424 1634 532 1680 quasi
552 1632 733 1670 immensa
748 1661 757 1677 ,
782 1631 882 1668 orbis
900 1635 1081 1668 terrarum
1096 1634 1255 1672 salutem
1274 1636 1408 1674 volue-

149 1693 240 1727 runt
257 1689 456 1737 impedire.
476 1694 535 1726 lv.
555 1692 639 1726 424.

100 1749 318 1787 Judaeorum
335 1758 441 1784 casus
467 1747 487 1783 a
510 1746 657 1795 justitia
675 1756 751 1782 non
768 1745 841 1782 fuit
858 1746 1091 1783 universalis.
1120 1751 1150 1785 1.
1172 1751 1259 1786 294.

102 1811 178 1845 Nec
196 1806 268 1851 erit
285 1809 505 1854 perpetuus.
528 1809 555 1842 Ι.
578 1809 663 1843 307.
685 1808 770 1841 308.

558 1889 695 1922 JUDAS
723 1887 961 1921 GALlLAEUS.

106 1964 364 2003 Rebellionem
381 1963 557 2000 excitavit
578 1962 618 1998 in
637 1959 808 2004 Galilaea,
836 1970 978 2006 negans
995 1960 1016 1995 a
1036 1960 1174 1997 Judaeis
1191 1962 1413 2000 solvendum

158 2033 239 2059 esse
254 2022 450 2058 tributum
472 2025 501 2057 1.
522 2024 608 2057 340.

109 2084 138 2117 E
155 2080 283 2116 contra
303 2083 346 2114 D.
370 2079 503 2113 Paulus
526 2077 682 2122 statuit,
709 2079 751 2112 ut
769 2074 890 2111 omnis
910 2074 1142 2112 Christianus
1158 2075 1416 2125 potestatibus

161 2135 210 2172 sit
224 2135 407 2172 subditus.
429 2134 523 2170 Ibid.
719 2144 722 2147 ·

639 2184 896 2218 JUDAISMUS.

114 2260 235 2299 Judaei
258 2261 297 2296 in
317 2261 476 2297 externis
503 2260 679 2309 operibus
707 2260 863 2295 salutem
889 2258 1113 2306 quaesierent
1130 2286 1140 2306 ,
1161 2271 1238 2298 non
1261 2261 1303 2299 in
1321 2261 1420 2309 fide,

165 2323 203 2356 et
219 2319 298 2354 haec
317 2318 388 2355 fuit
406 2330 535 2355 eorum
555 2318 691 2355 erroris
709 2317 829 2363 origo.
847 2320 933 2353 269.

115 2377 212 2414 Hine
228 2375 454 2422 judaismum
473 2376 630 2411 timeant
648 2373 864 2410 Christiani.
890 2373 1048 2411 Ibidem.

116 2437 345 2482 Ignorarunt
373 2434 493 2472 Judaei
521 2432 623 2481 quod
651 2433 709 2469 lex
730 2433 788 2469 via
808 2431 954 2468 tannim
974 2434 1094 2478 esset,
1116 2431 1284 2470 Christus
1304 2437 1429 2472 autem
