1430 2658
78 67 170 125 354
422 97 431 131 3
465 74 685 134 semota}
707 75 770 130 su
798 73 1030 111 nummos,
1414 91 1418 94 -

1080 230 1164 271 :nim
1198 235 1231 267 ἐν
1264 231 1310 269 'f‘
1329 231 1353 270 τί
1372 249 1380 261 >

449 251 768 328 &mamarius
792 279 955 336 incula..
978 293 1045 324 u.
1167 292 1251 335 ·{.¹÷:
1283 328 1285 331 Α

91 383 150 440 y.
175 400 211 428 1.
231 349 343 433 EST
358 393 489 426 autem
497 385 608 439 fides
623 385 902 440 sperandarum
919 378 1227 434 subuaudis-’5³⁵
1247 382 1255 392 ’
1272 382 1275 383 ’
1315 387 1321 397 “
1340 376 1353 401 ³
1373 378 1378 399 ³

142 448 236 506 syr.
255 457 315 493 est
330 450 459 493 autem
485 449 599 503 fides,
619 450 806 493 certitudo
821 449 871 491 de
894 450 939 490 iis
963 459 1052 507 qun
1069 444 1214 488 suntin
1235 448 1327 501 spe,
1340 457 1395 498 ac

88 519 122 559 si
144 517 221 571 jam
242 521 450 585 exiStegent
466 525 549 560 actu
563 549 575 569 ‚
597 525 632 560 et
651 512 833 560 revelatio
855 528 982 557 earum
1003 527 1089 569 quae
1106 510 1186 562 nim
1203 503 1396 553 videmur.

136 577 223 622 ''Est
239 584 352 623 etiarn
375 594 503 623 rerum*
527 580 781 624 timendaru‘m
795 612 806 632 ‚
825 595 864 622 v.
883 593 919 634 g.
933 611 946 631 ‚
964 571 1293 626 inferniz's'ffl'de
1305 572 1396 630 she-

90 644 217 686 randis
238 649 379 686 tantum
400 646 564 698 loquitur
582 643 790 701 Apostoius
803 674 816 695 ‚
837 645 921 699 quia
942 657 1011 699 per
1039 637 1398 684 fflmffi²¹effisfeu-

93 709 184 750 tiam
206 717 243 751 et
260 717 452 764 aspectum
470 711 549 752 vult
574 709 769 752 Hebraeos
788 709 836 749 ad
866 709 1185 762 perseverantiam
1217 706 1399 750 animare.

149 771 398 817 Substantia.
416 773 487 818 Gr.
498 764 740 823 ὗπόστασις,
758 776 998 829 subsistentia
1012 803 1024 823 ‚
1043 772 1083 813 id
1101 777 1180 822 est,
1200 769 1295 812 fides
1309 768 1400 811 facit

95 846 136 880 ut
150 840 251 881 bona
267 839 388 883 sutura
407 856 488 898 quae
509 841 679 883 nondum
697 842 891 891 existunt,
913 840 1116 880 subsistant
1134 839 1172 877 in
1192 835 1396 885 intellectu,

93 918 217 958 eaque
242 912 317 948 tam
334 914 435 947 certa
457 906 664 948 habeamus
681 920 724 946 ac
741 907 772 946 si
792 905 840 945 de
859 903 959 944 sacto
975 907 1049 955 jam
1064 905 1286 944 existerent.

154 971 447 1021 Argumentum.
463 967 532 1011 Gr.
550 967 747 1023 ἐλεγχος,
769 971 953 1017 ostensio,
968 967 1266 1018 demonstratio,
1279 966 1400 1006 mani-

93 1033 243 1076 festatio
262 1049 338 1074 uon
355 1037 643 1088 apparentium,
665 1035 703 1075 id
736 1039 818 1083 est,
853 1045 982 1073 earum
1014 1033 1127 1072 etiam
1160 1044 1286 1072 rerum
1315 1043 1403 1084 quae

94 1114 173 1141 non
192 1106 279 1141 sunt
305 1102 518 1153 conspicuae
535 1101 738 1141 sensibus:
757 1098 932 1155 quaedam
963 1099 1067 1140 enim
1097 1111 1158 1139 res
1176 1094 1402 1152 {conspicuae

93 1163 312 1214 creduntur,
333 1179 370 1204 v.
392 1179 428 1218 g.
447 1195 458 1214 ,,
479 1179 595 1207 mors.
813 1206 817 1207 ⁷

151 1225 230 1270 Sed
249 1235 403 1283 propter
417 1232 602 1271 rationem
620 1227 696 1281 iarn
716 1229 853 1271 dictam
867 1259 880 1279 0
897 1228 1060 1284 loquitur
1078 1224 1286 1282 Apostolus
1303 1239 1404 1281 prae-

93 1297 206 1349 cipue
224 1295 274 1336 de
297 1295 408 1336 bonis
426 1310 512 1350 quae
530 1311 724 1351 speramus
746 1304 783 1338 et
801 1300 893 1350 quae‘
912 1309 992 1336 non
1011 1301 1095 1336 suut
1115 1296 1317 1348 conspicua
1330 1323 1343 1345 ‚
1365 1300 1404 1334 et

94 1374 181 1414 quae
198 1360 306 1402 ocuio
330 1360 417 1402 fidei
443 1365 546 1416 quasi
577 1363 767 1404 cernimus
796 1362 900 1402 veiut
927 1357 1257 1415 praesentia.xHaec
1277 1365 1404 1401 autem

96 1425 186 1467 fidei
205 1426 477 1468 demonstratio
496 1441 576 1468 non
597 1435 654 1469 est
682 1429 722 1468 in
752 1429 866 1468 rebus
884 1427 998 1480 ipsis,
1020 1425 1089 1467 sed
1111 1427 1150 1466 in
1180 1423 1272 1465 Deo
1300 1429 1403 1465 atte-

95 1497 243 1537 stante;
265 1491 425 1534 evidens
448 1493 551 1533 enim
572 1500 629 1532 est
648 1499 792 1532 eertum
810 1505 895 1532 esse
915 1490 1018 1544 quod
1033 1488 1140 1532 Deus
1154 1487 1311 1530 revelat.

154 1551 273 1596 Fides
293 1557 419 1609 itaque
447 1561 505 1595 est
534 1558 640 1609 quasi
670 1555 799 1596 oculus
817 1584 829 1605 ‚
858 1554 920 1596 vei
956 1554 1062 1609 quasi
1083 1552 1229 1606 dioptra
1249 1549 1321 1605 qua
1345 1563 1406 1592 res

97 1622 363 1661 remotissimae
399 1628 437 1661 et
469 1621 548 1662 aliis
578 1635 656 1662 non
691 1627 939 1676 apparentes,
973 1621 1075 1676 quasi
1112 1620 1297 1674 proximae
1338 1618 1406 1657 vi-

98 1683 253 1724 dentur.

161 1745 412 1800 Haedioptrs
432 1749 551 1788 sancti
575 1755 758 1802 martyres
794 1755 832 1788 et
864 1747 1100 1789 confessores
1129 1753 1282 1787 aeternae
1317 1747 1408 1787 vitae

101 1808 205 1849 bona
232 1813 508 1864 conspicientes
524 1842 535 1862 ,
569 1812 835 1865 contempsere
851 1814 938 1854 vitae
956 1813 1151 1866 praesentis
1178 1807 1378 1852 commoda
1394 1842 1404 1859 ‚

102 1880 367 1928 tormentaque
386 1874 530 1917 sortiter
551 1876 775 1918 sustinuere.

161 1938 263 1981 Haec
284 1948 339 1982 est
354 1955 445 1996 ergo
464 1956 568 1983 verae
588 1949 623 1983 et
646 1946 732 1985 vitae
747 1943 838 1984 fidei
856 1941 1060 1999 descriptio
1073 1975 1083 1994 ‚
1104 1958 1183 1985 non
1205 1943 1353 1998 frigidae
1372 1951 1409 1985 et

107 2003 352 2055 dormientis,
373 2013 411 2046 ut
437 2019 513 2046 non
531 2006 676 2054 dicam,
700 2015 861 2047 mortuae
876 2038 888 2059 ‚
910 2007 1174 2063 plerorumque
1190 2007 1408 2059 hominum,

106 2070 146 2109 in
163 2070 298 2122 quibus
303 2066 526 2121 fascinatio
541 2073 777 2123 nugacitatis
793 2073 973 2113 obscurat
989 2074 1103 2114 bono.

165 2128 213 2177 1⁵.
233 2149 273 2174 2.
295 2131 346 2173 ln
366 2133 440 2174 lide
456 2136 577 2183 enim,
610 2141 700 2188 puto
730 2134 805 2175 hoc
833 2136 936 2175 enim
966 2138 1152 2190 respicere
1187 2135 1412 2178 versiculum

105 2200 241 2252 capitis
263 2198 511 2252 praecedentis
529 2199 688 2240 :Justus
717 2208 847 2240 autem
885 2216 990 2242 meus
1011 2217 1062 2242 ex
1080 2201 1171 2256 fide
1186 2201 1294 2243 vivit.
1314 2198 1412 2243 Vide

58 2266 64 2269 ’
111 2263 380 2320 paraphrasim.

168 2326 247 2370 Per
270 2327 368 2369 hanc
387 2340 478 2380 ergo
495 2326 610 2368 fidem
624 2358 634 2378 ‚
657 2343 779 2378 senes,
799 2328 836 2369 id
855 2335 932 2383 est,
947 2331 1088 2386 antiqui
1103 2334 1225 2384 patres
1243 2330 1307 2383 qui
1325 2334 1412 2370 ante

113 2395 238 2449 legem
261 2397 354 2438 etin
370 2394 453 2447 iege
471 2392 621 2436 suerunt
639 2395 809 2438 iilustres.
