1474 2658
365 82 555 119 wmmx
581 84 834 117 nxrosrno.
866 73 969 129 Cap.
996 75 1124 118 XIII.
1253 86 1259 90 “
1284 92 1300 130 '.
1327 78 1408 123 301
1445 105 1450 110 -

127 293 130 297 ’
169 310 501 361 ANALYSIS
533 308 792 361 CAPlTlS
821 313 1059 362 Dsscum
1089 315 1333 363 TERTH.

99 415 329 494 HBBRAEos
341 454 391 493 ad
401 468 559 495 omnem
573 457 750 497 hortatur
759 458 943 499 virtutem
955 484 966 501 ,
981 463 1062 493 tum
1074 468 1161 507 erga
1173 456 1411 507 proximum,

97 513 183 543 tum
199 518 288 557 erga
305 507 535 558 semetipsos
548 536 559 553 ,
578 517 659 546 tum
684 524 772 561 erga
792 509 1036 560 religionem.

157 556 255 608 Erga
272 558 468 609 proximos
482 589 494 607 ,
509 559 551 597 in
565 559 750 598 charitate
770 561 942 598 fraterna
959 564 1228 609 perseverent3
1244 557 1414 609 hospita-

94 605 244 645 litatem
267 617 495 659 exerceant3
518 611 688 656 vinctos,
706 612 850 649 Christi
867 611 1003 659 causa,
1025 617 1207 660 tanquam
1227 611 1412 660 semetip-

97 658 596 709 sos,.adjuvent;onmibus
611 662 847 719 patientibus
862 660 1167 717 compatiantur,
1184 666 1228 698 itt.
1251 673 1264 695 ι
1281 687 1292 703 ,
1313 673 1334 696 2
1350 689 1360 704 ,
1375 666 1413 698 3.

151 709 250 759 Erga
261 712 514 763 senietipso5‚
530 720 742 751 castitatem
760 712 1001 763 conjugalem
1013 719 1168 749 servent
1184 738 1194 754 ,
1211 711 1411 748 avaritiam

98 757 279 810 fugiant,
298 763 555 813 presentibus
573 763 653 801 sint
676 764 855 802 contenti
870 791 880 807 ‚
910 762 959 800 de
982 763 1114 813 futuro
1137 760 1338 799 confidant
1372 763 1412 800 in

98 809 268 848 Domino
282 839 293 856 ,
311 812 419 860 51.4,
439 814 482 857 5,
500 813 537 851 6.

149 859 250 911 Erga
269 862 498 914 religionem
512 892 521 908 ,
540 864 818 903 defunctorum
841 878 1000 902 suorum
1022 861 1301 913 Apostolorum
1333 877 1415 902 me·

97 923 246 962 mores,
265 926 400 951 eorum
422 915 538 952 vitam
558 921 596 953 et
615 916 732 954 fidem
766 916 989 964 imitentur3
1006 927 1079 952 uec
1105 913 1218 952 variis
1241 922 1278 951 et
1297 928 1410 966 pere-

96 962 218 1018 grinis
233 962 413 1002 sinantse
427 966 617 1004 doctrinis
634 967 778 1004 abduci
795 966 916 1004 :sicut
931 968 1046 1003 Jesus
1064 964 1242 1002 Christus
1257 978 1413 1016 semper

95 1011 199 1049 ldem
219 1022 296 1062 est,
316 1014 368 1052 ita
385 1015 518 1053 eadem
538 1017 587 1053 sit
604 1017 652 1054 de
669 1017 824 1054 Christo
842 1016 1020 1055 doctrina
1036 1044 1046 1060 ,
1068 1021 1112 1054 ᾗ.
1135 1027 1177 1062 7,
1192 1015 1216 1052 8
1230 1042 1239 1058 ‚
1259 1026 1294 1064 9.

149 1063 527 1118 Caveantspcciatim
545 1068 563 1103 Ξ]
583 1067 760 1106 doctrina
781 1068 829 1106 de
848 1067 1071 1105 discrimine
1090 1066 1264 1104 ciborum
1283 1094 1293 1110 ,
1307 1074 1345 1103 et
1363 1067 1412 1105 de

96 1115 333 1154 comestione
352 1117 593 1156 victin1a1um
614 1118 795 1169 legalium
815 1133 900 1170 quae
920 1119 998 1156 suis
1018 1116 1333 1156 observatoribus
1350 1118 1412 1155 ni·

95 1163 153 1202 hil
176 1167 423 1216 profuerunt.
1119 1211 1127 1216 ν

128 1215 296 1272 ‘Cui-eut
314 1220 406 1257 veni)
426 1233 493 1258 cor
512 1233 624 1258 suum
643 1219 778 1259 divina
795 1219 960 1261 stabiliri
978 1218 1098 1270 gratia
1114 1247 1123 1262 ,
1146 1231 1261 1269 quam
1282 1219 1407 1271 perci-

95 1276 265 1317 piantex
286 1283 353 1308 esu
372 1270 549 1310 Victim'ae
566 1271 696 1308 altaris
711 1271 816 1322 quod
834 1271 947 1309 nobis
962 1271 1140 1307 Christus
1159 1269 1266 1306 dedit
1285 1298 1294 1314 ,
1309 1269 1410 1308 etde

94 1330 174 1368 quo
187 1318 367 1370 legalium
383 1321 695 1360 0b=ervaioribos
709 1321 822 1360 edere
842 1321 1049 1365 nonlicet,
1071 1326 1112 1360 ir.
1129 1332 1151 1369 9
1165 1347 1176 1364 ,
1196 1332 1254 1358 10.

148 1368 235 1408 Hoc
251 1371 438 1422 figurabat
454 1373 520 1411 illa
537 1371 764 1411 caeremonia
777 1401 788 1422 ‚
803 1374 879 1424 qua
892 1373 1018 1411 hostia
1037 1385 1106 1422 pro
1123 1380 1284 1422 peccato
1300 1378 1406 1408 extra

95 1427 217 1459 castra
235 1423 489 1468 cremabatur,
506 1432 543 1461 et
560 1423 608 1461 dc
623 1424 699 1474 qua
719 1437 791 1461 nec
808 1423 989 1462 sacerdos
1009 1421 1141 1474 legalis
1155 1449 1165 1466 ,
1186 1435 1258 1458 nec
1277 1435 1406 1473 popu-

94 1469 157 1508 lus
173 1471 325 1513 edebat.

147 1521 242 1561 Haec
268 1523 395 1562 hostia
421 1539 493 1583 pro
526 1532 710 1577 peccato,
735 1525 880 1562 Christi
912 1538 982 1574 pro
1013 1530 1172 1573 peccato
1205 1522 1409 1560 morientis

95 1570 218 1623 figura
240 1574 342 1624 fuit3
363 1584 402 1613 et
423 1576 531 1620 ideo,
554 1583 596 1612 ut
614 1576 716 1612 hanc
732 1575 894 1626 figuram
908 1574 1089 1626 impleret
1103 1581 1235 1621 ,extra
1254 1582 1408 1624 portam

95 1635 231 1673 passus
248 1632 319 1661 est.
541 1669 544 1671 ,

147 1673 252 1711 Sicut
269 1688 359 1725 ergo
375 1675 423 1713 de
440 1676 558 1727 ligura
577 1690 656 1714 non
673 1676 931 1714 comedebant
947 1675 1071 1713 Judaei
1087 1673 1253 1725 legalesg,
1269 1673 1320 1711 ita
1334 1687 1408 1712 nec

95 1722 144 1761 dc
158 1723 322 1775 figurato
340 1726 431 1764 ticet
449 1741 502 1765 eis
521 1728 652 1771 edere,
673 1724 719 1773 ss.
744 1741 758 1764 1
772 1741 783 1763 ι
800 1755 810 1772 ,
833 1741 891 1766 12.

147 1774 266 1812 Extra
280 1778 494 1828 synagogae
507 1787 626 1815 castra
641 1778 862 1816 exeundum
877 1806 886 1822 ‚
902 1777 951 1815 ad
960 1775 1142 1814 Ecclesiae
1160 1790 1274 1813 novae
1286 1785 1408 1814 castra

94 1825 381 1871 accedendum,
399 1829 679 1880 improperium
699 1829 841 1867 Christi
864 1828 1098 1881 portandum
1113 1855 1123 1872 ,
1149 1835 1190 1864 ut
1207 1827 1408 1864 christiani

94 1876 270 1914 sacrificii
299 1878 507 1931 participes
539 1880 683 1924 simus,
712 1889 751 1917 ct
778 1888 1024 1918 cruentarum
1053 1877 1268 1916 hostiarum
1295 1877 1408 1928 vice,

92 1939 165 1978 per
177 1927 375 1967 Christum
391 1957 401 1974 ,
418 1930 583 1969 hostiam
606 1931 731 1969 laudis
752 1932 832 1969 Deo
854 1945 1008 1982 semper
1026 1929 1253 1978 offeramus,
1271 1933 1315 1968 ir.
1339 1933 1407 1975 13,

100 1983 144 2025 ¹4
158 2005 168 2025 ,
193 1979 253 2016 15.
616 1979 623 1990 “

145 2028 391 2067 Liberalitem
412 2045 499 2082 erga
521 2037 710 2083 pauperes
730 2030 1002 2076 commendat,
1025 2029 1288 2068 obedientiam
1317 2042 1406 2080 erga

93 2079 274 2130 praelatos
289 2108 300 2124 ‚
336 2081 589 2120 Hebraeorum
625 2083 820 2121 orationes
854 2097 925 2134 pro
956 2096 995 2120 sc
1026 2080 1219 2133 postulem
1248 2079 1408 2118 demum

49 2166 54 2172 .
93 2130 307 2181 Epistulam
327 2133 600 2183 apprecatione
620 2132 822 2172 concludit
839 2145 884 2172 ac
903 2132 1135 2171 salutatione
1148 2160 1159 2177 ,
1179 2137 1221 2173 ἡ.
1246 2131 1290 2170 16
1304 2159 1315 2177 ‚
1339 2146 1350 2168 ι
1363 2143 1382 2181 7
1397 2161 1408 2178 ,

98 2183 145 2219 18
158 2209 168 2227 ‚
189 2190 263 2220 ete.
1311 2204 1313 2207 ·
