1474 2658
203 39 240 107 f
297 43 300 46 ⁴
348 64 674 110 umnam:
703 67 760 99 tr
790 69 1071 131 mammeri..
1283 59 1372 116 4²5
1411 43 1423 99 ss

11 119 228 206 55,me
326 174 331 177 ,
430 159 434 164 .
480 144 487 149 ·
531 136 865 173 Jusrmmuo.

0 183 26 238 ‘'-
42 206 350 254 ludificationis
361 200 498 246 eausa
515 201 551 245 1'.
570 212 633 247 n.

0 265 2 268 ’
101 262 246 306 ἐιιιίἱι
262 267 639 307 doctrinarum
656 268 706 304 de
720 269 807 305 vera
823 269 983 316 justitia.
1002 270 1037 307 Ῑ.
1059 276 1119 310 72.
1138 278 1201 310 73.
1234 280 1237 283 ’

5 327 12 375 ζ
41 324 179 363 rusius
195 324 369 374 Apostoli
389 324 600 361 doctrinam
617 325 665 361 de
683 325 844 372 justitia,
857 325 945 362 vide
962 326 996 363 Ι.
1018 332 1080 364 69.
1102 333 1141 365 et
1155 340 1236 377 seq.

4 411 12 426 ,,
29 382 278 420 &munninio
296 386 355 420 est
370 382 578 431 spiritualis
596 383 838 420 resurrectio.
858 382 934 421 lv.
960 389 1019 420 51.

3 453 9 471 1
41 441 110 476 Est
124 438 569 484 inchoata-resurreetio,
589 439 760 476 ascensio
781 443 819 475 et
844 439 960 476 sessio
981 440 1022 476 in
1042 441 1180 487 gloria.
1202 441 1276 482 lv.
1303 446 1366 482 52.

43 499 113 534 Est
124 497 374 546 participatio
390 497 560 534 onmium
577 508 662 545 quae
679 497 819 534 Christi
843 501 944 534 sunt.
965 497 1065 535 Ibid.

29 553 112 591 -nat
124 554 265 592 creatio
279 583 290 600 ‚
308 555 438 602 qualis
454 554 558 591 etad
579 554 700 602 quid?
715 553 790 591 1V.
813 557 874 590 5⁴.
896 558 956 590 55.

42 609 128 646 Tria
147 609 231 647 sinc
251 610 373 658 gratia
394 610 464 647 Dei
486 611 575 647 sciri
598 622 674 647 non
701 614 858 658 possunt
883 622 891 643 ι
917 610 1128 647 vocationis
1153 611 1369 651 christianae

11 705 16 709 ,
92 669 342 714 excellentia,
371 668 605 705 baereditatis
627 671 777 704 aeternae
801 667 1056 713 abundantia,
1077 666 1368 716 justificationis

28 750 33 776 3.
91 728 231 762 nostre
247 725 493 763 miraculum.
515 725 590 765 IV.
613 729 674 762 28

40 772 269 820 Justificatio
286 794 364 820 non
380 783 537 820 minoris
558 787 612 819 est
634 783 816 830 potentiae
838 795 951 832 quam
966 782 1135 820 Christi·
1124 796 1146 819 a
1162 788 1286 840 morte
1307 795 1370 822 re-

23 872 39 894 ·.
50 862 54 867 ·
90 839 292 877 surrectio.
316 838 419 875 Ibid.

39 899 158 946 Hujus
169 892 399 935 miraculum
411 901 468 934 est
481 898 691 946 peccatoris
698 896 919 946 justificatio
933 911 1046 946 quam
1058 898 1190 935 mundi
1205 900 1365 937 creatio.

90 954 163 993 IV.
184 959 248 992 3⁰.

39 1016 188 1059 Quanta
205 1012 341 1049 animae
359 1013 604 1051 sanctificatae
624 1012 816 1059 dignitas?
837 1012 916 1051 IV.
940 1017 1002 1051 35.
1021 1018 1081 1051 36.
1107 1018 1168 1052 37.

38 1067 266 1108 Justiticatio
297 1075 355 1107 est
383 1072 568 1118 gratuita,
597 1071 730 1120 positis
755 1071 869 1108 etiam
892 1072 1068 1107 omnibus
1092 1071 1363 1120 praerequisitis

90 1130 433 1179 dispositionibus,
454 1143 491 1168 v.
513 1143 567 1178 g.,
586 1129 709 1179 posita
726 1129 801 1167 fide
815 1158 826 1175 ,
844 1129 1071 1178 poenitentizi
1085 1156 1098 1175 ,
1120 1134 1195 1167 etc.
1219 1130 1253 1166 Ι.
1273 1134 1362 1168 296.

21 1187 137 1230 ‚Hinc
168 1188 281 1226 variae
307 1189 562 1226 conciliantur
586 1193 802 1225 sanctorum
830 1191 978 1224 Patrum
1008 1187 1222 1224 locutiones
1246 1187 1363 1224 dissi-

91 1245 241 1283 dentes.
261 1245 295 1283 Ι.
317 1250 405 1284 296.

21 1350 25 1354 ι
37 1306 184 1345 Primus
193 1310 331 1343 nostrae
341 1304 625 1354 justificationis
637 1306 782 1343 fruetus
795 1309 852 1342 est
864 1317 935 1352 pax
953 1308 991 1341 et
1004 1303 1257 1352 tranquillitas
1271 1315 1365 1342 con-

95 1362 280 1400 scientiae.
300 1362 336 1400 Ι.
363 1368 448 1400 112.

37 1422 158 1469 nujus
173 1423 279 1471 pacis
295 1423 598 1461 fundamentum.
617 1421 719 1459 Ibid.

35 1479 148 1516 rides
173 1483 232 1517 est
253 1479 539 1528 justificationis
572 1491 679 1529 pars,
709 1479 808 1516 sicut
834 1479 971 1515 ostium
1001 1482 1057 1514 est
1082 1489 1169 1526 pars
1199 1478 1347 1516 domus.

33 1568 236 1632 Secundus
244 1594 530 1653 justificationis
543 1596 688 1632 fructus
702 1599 758 1632 est
771 1594 931 1650 adoptio
944 1592 1110 1631 filiorum
1120 1594 1188 1632 Dei
1201 1598 1239 1631 et
1253 1596 1363 1632 exul-

86 1649 181 1687 tatio
199 1650 241 1687 in
262 1662 330 1699 spe
347 1652 477 1699 gloriae
492 1650 575 1688 Dei.
596 1651 629 1687 Ι.
655 1655 741 1687 113.

33 1709 183 1747 ‘tertius
199 1713 336 1746 nostrae
349 1708 632 1756 justificationis
651 1710 798 1744 fructus
816 1711 873 1744 est
891 1707 1101 1755 spiritualis
1115 1707 1295 1744 exultatio
1318 1706 1361 1744 in

82 1766 411 1810 tribulationibus,
433 1767 482 1802 oh
501 1776 606 1814 spem
622 1765 775 1813 gloriae,
797 1764 845 1799 ad
870 1774 984 1811 quam
1010 1763 1236 1812 perducunt.
1262 1764 1361 1800 Ibid.

8 1819 15 1826 ’
80 1821 178 1859 vide
202 1821 442 1859 Tribulatio.

27 1883 74 1919 ln
84 1878 355 1927 justificatione
369 1881 510 1928 duplex
529 1878 576 1916 fit
591 1879 702 1916 nobis
720 1879 861 1915 donum
873 1904 884 1921 ,
901 1877 1063 1924 Spiritus
1082 1880 1254 1922 sanctus,
1271 1877 1361 1914 cha.

81 1936 174 1974 ritas
192 1936 360 1973 increata
376 1964 387 1982 ,
403 1941 442 1973 et
452 1941 576 1974 creata
595 1937 773 1973 charitas.
794 1939 824 1972 1.
851 1938 936 1970 115.

2 1987 11 2008 ⁵
31 1997 194 2041 Quartus
211 1997 350 2030 nostrae
366 1993 652 2040 justificationis
670 1993 817 2028 fructus
835 1995 891 2028 est
905 1988 1082 2038 gloriat'o
1100 1991 1141 2027 in
1162 1995 1239 2029 Deo
1254 1994 1363 2028 Patre

0 2052 2 2054 ’
80 2055 235 2096 nostro,
272 2055 311 2088 et
336 2050 378 2086 in
405 2054 495 2087 Jesu
527 2050 700 2098 Christo,
734 2048 828 2085 Filio
857 2047 949 2093 Dei,
975 2048 1184 2091 mediatore
1211 2051 1357 2085 nostro.

5 2118 12 2123 '
80 2114 111 2148 1.
134 2115 220 2148 117.

30 2168 262 2206 Justilicatio
281 2166 324 2203 fit
343 2178 414 2216 per
432 2167 545 2204 fidem
560 2194 571 2215 ,
590 2179 668 2204 non
679 2177 757 2215 per
776 2177 904 2215 opera.
923 2164 958 2203 I.
982 2170 1042 2204 87.

7 2239 13 2243 ·
30 2227 188 2263 Nullum
208 2237 306 2274 opus
320 2226 437 2272 justi,
458 2227 497 2262 in
516 2227 621 2274 quod
638 2224 733 2261 fides
747 2236 824 2261 non
841 2223 991 2260 influat.
1009 2223 1043 2261 Ι.
1072 2227 1134 2261 89.

14 2286 214 2321 -Probatur
232 2285 405 2333 exemplo
420 2285 588 2322 Abrahae.
607 2289 635 2321 l.
659 2288 720 2322 87.
742 2283 835 2320 vide
851 2281 1070 2320 Abraham.

29 2343 159 2389 Qualis
173 2342 225 2379 sit
243 2341 336 2379 fides
351 2341 584 2389 justificans.
575 2343 591 2367 ‘¹'
606 2353 684 2380 non
702 2342 805 2378 nuda
825 2341 890 2378 sed
914 2353 949 2378 v·
942 2341 1044 2377 'irtut
1047 2340 1119 2377 bus
1137 2339 1294 2385 vestita3
1312 2337 1363 2376 si-

84 2404 150 2438 cut
169 2401 245 2438 tuit
264 2399 420 2438 Abrahae
445 2399 554 2439 fides.
574 2401 668 2438 Nide
684 2398 913 2446 Abraham,
938 2396 1072 2436 Fides.
1114 2449 1141 2494 8

225 2465 289 2495 v1.
1010 2493 1013 2495 .
1089 2467 1106 2494 ι
1143 2482 1156 2495 .
