1474 2658
356 60 690 109 -mnssx‘ntnun
719 75 774 107 m·
804 58 1061 107 venzonum.
1128 68 1131 71 ’
1287 63 1380 117 ’4ιὸ

396 132 401 135 ’
559 150 850 188 nummus

48 187 304 283 ‘gignianum
322 236 539 291 benignitas
557 239 595 272 et
611 235 774 272 charitas
798 236 971 271 Christi
961 249 999 271 m
1020 248 1089 272 nos
1107 240 1162 273 est
1180 236 1275 272 ratio
1288 236 1379 273 fun·

48 319 93 347 ᾖ
100 293 340 333 damemalis
377 297 516 330 nostrae
549 302 638 339 erga
664 291 878 340 proximum
909 297 1078 329 nostrum
1107 292 1375 340 humanitatis,
1446 312 1448 316 ·

114 344 384 386 misericordiae
401 353 439 385 et
457 348 665 385 charitatis.
680 348 714 385 I.
737 351 821 385 394.
844 353 930 385 395.

61 411 199 447 Eadem
218 410 357 446 Christi
370 410 583 446 humanitas
594 409 833 456 ‚benignitas
846 413 883 444 et
898 410 1171 456 complacentia
1184 421 1251 461 nos
1267 411 1379 447 docet

112 471 268 508 modum
285 470 414 507 sancte
430 474 469 507 et
487 469 693 511 christiane
712 468 877 505 faciendi
902 469 1005 517 quod
1023 466 1203 513 mundani
1229 469 1379 507 faciunt

52 536 62 571 2
91 528 315 571 vmnndane,
336 528 370 566 Ι.
392 532 479 566 395.
497 527 592 565 Vide
606 526 818 564 salutatio.

600 615 838 648 HUMILITAS
845 638 853 646 .

62 684 180 731 Quam
199 682 680 733 necessariahominilapso
704 682 898 720 humilitas
920 700 928 720 2
950 682 1101 722 initium
1113 688 1169 721 est
1181 656 1284 722 bonit.
1302 682 1379 721 ΠΙ.

56 746 295 832 nggzirtus
311 800 392 833 erat
409 800 450 832 ut
470 795 676 843 plurimum
695 794 821 842 ignota
837 795 1061 832 Gentilibus.

62 853 162 902 Hinc
182 853 294 890 toties
311 853 415 889 illam
430 855 669 890 commendat
686 855 898 901 Apostolus.
915 853 989 890 IV.
1015 859 1096 890 103.

51 901 212 946 Rumile
228 909 278 947 sit
295 922 383 956 cor,
403 911 564 947 humilia
582 915 694 948 erunt
712 923 753 947 os
767 938 777 957 ‚
799 915 938 958 gestus,
951 910 1147 958 omnisque
1168 913 1302 947 motus.

61 965 263 1004 Humilitas
281 972 339 1004 est
356 979 442 1004 vera
459 968 662 1004 Christiani
681 968 878 1016 sapientia.
901 969 976 1006 III.
1001 973 1086 1006 230.
1107 971 1190 1006 248.

55 1018 174 1058 'Intus
189 1022 407 1070 superbire,
423 1033 510 1059 vera
530 1023 762 1071 insipientia.
784 1024 880 1060 Ibid.

59 1077 192 1116 Verbis
214 1089 294 1115 sese
311 1081 509 1125 extollere,
531 1092 717 1127 apparens
734 1082 866 1117 saltem
883 1081 1115 1129 insipientia.
1137 1082 1232 1117 Ibid.

65 1136 97 1170 A
126 1132 273 1170 Christo
290 1133 450 1170 Domino
464 1162 474 1180 ,
499 1135 639 1172 aeterna
657 1136 859 1184 sapientiai,
880 1137 1066 1173 discamus
1084 1136 1210 1174 veram
1231 1135 1382 1184 sapien·

111 1191 219 1229 tiam.
238 1192 315 1229 ΙΙΙ.
336 1195 423 1229 248.

64 1251 95 1284 A
112 1251 158 1285 D.
189 1249 304 1295 Paulo
335 1249 521 1285 discamus
539 1250 679 1297 quanta
698 1262 783 1286 cum
803 1251 949 1288 cautela
969 1252 1015 1287 de
1044 1251 1175 1295 nobis,
1208 1249 1321 1286 etiam
1340 1249 1382 1286 in

109 1305 346 1344 necessitatis
365 1318 468 1351 casu,
489 1308 537 1343 sit
553 1309 800 1355 loquendum.
821 1308 896 1344 ΙΙΙ.
920 1313 1005 1345 230.
1027 1313 1114 1345 248.

63 1364 298 1401 numilitatis
323 1366 585 1402 necessitatem
613 1367 768 1402 denotat
795 1379 854 1402 ars
882 1367 976 1402 mira
1002 1366 1076 1414 qua
1104 1370 1203 1402 Deus
1233 1368 1383 1401 sanctos

107 1427 307 1459 conservat
324 1423 508 1468 humiles,
528 1427 571 1460 ut
591 1428 696 1472 patet
714 1425 754 1460 in
771 1429 816 1462 D.
839 1427 963 1462 Paulo.
985 1425 1063 1462 III.
1083 1431 1168 1463 268.
1191 1430 1277 1462 277.

63 1480 116 1514 Ut
133 1478 388 1515 humilitatem
406 1490 627 1524 conserves,
656 1482 810 1517 attende
840 1482 888 1517 ad
913 1486 996 1517 tuas
1022 1481 1272 1518 infirmitates.
1302 1479 1379 1518 ΙΙΙ.

113 1539 202 1572 263.

65 1592 122 1628 Ad
139 1595 363 1639 perpetuam
381 1591 635 1628 humilitatem
648 1620 659 1639 ,
674 1594 788 1629 semel
806 1594 982 1640 peccasse
995 1594 1147 1631 sufficit.
1166 1593 1221 1632 II.
1239 1599 1325 1633 392.

63 1651 266 1691 Humilitas
284 1656 342 1688 est
357 1656 484 1688 custos
506 1652 611 1690 fidei.
633 1654 664 1690 I.
689 1657 774 1691 304.

57 1712 106 1746 Ut
123 1707 237 1745 fidem
255 1720 445 1746 servemus
463 1713 501 1745 et
518 1721 585 1757 per
603 1709 716 1747 fidem
734 1716 875 1747 stemus
887 1739 896 1756 ‚
917 1712 1176 1751 humiliemur.
1196 1712 1298 1750 Ibid.

55 1765 257 1801 Humilitas
276 1769 395 1802 mater
414 1769 452 1801 et
476 1766 603 1802 nutrix
617 1768 843 1804 concordiae.
863 1769 940 1807 IV.
970 1773 1054 1806 106.

366 1839 553 1874 VERITAS
580 1843 691 1875 HUM}
702 1844 867 1876 LlTATlS
893 1845 1078 1878 PARENS.

62 1907 219 1946 Scilicet
235 1910 358 1946 omnis
374 1915 501 1948 nostra
520 1913 743 1950 sufficientia
762 1915 783 1950 ὲ
800 1919 878 1951 Deo
891 1919 960 1952 est.
981 1915 1059 1952 III.
1082 1919 1143 1952 56.

0 1990 7 1996 -
56 1969 154 2004 Hinc
171 1968 403 2007 humiliatio,

55 2025 154 2064 Hinc
171 2026 326 2073 orandi,
347 2031 384 2064 et
401 2028 422 2063 a
441 2033 519 2065 Deo
534 2031 660 2066 omnia
673 2032 827 2078 petendi
846 2033 1061 2069 necessitas.
1078 2033 1155 2072 III.
1178 2037 1243 2073 57,’

426 2110 529 2145 ALIA
554 2113 835 2148 HUMILITATIS
863 2115 1020 2149 CAUSA.

50 2175 156 2221 'Nihil
182 2181 304 2219 habeo
326 2194 475 2231 meum,

57 2239 161 2276 Nihil
180 2241 283 2287 quod
301 2240 320 2276 a
340 2240 422 2278 Deo
443 2255 519 2280 non
539 2245 762 2293 receperim.

51 2298 97 2335 Si*
112 2298 263 2346 recepi,
285 2310 354 2335 cur
371 2301 593 2347 gloriabor?
610 2303 664 2341 ΙΙ.
690 2306 750 2342 96.
986 2331 991 2334 -

49 2357 131 2390 Hoc
147 2355 214 2402 qui
232 2356 330 2392 bene
345 2358 623 2404 penetraverit,
646 2359 694 2395 de
712 2358 817 2394 nulla
838 2370 878 2396 re
891 2358 986 2396 vane
1004 2358 1249 2406 gloriabitur.

52 2413 186 2449 omnia
205 2415 226 2451 a
242 2419 318 2452 Deo
340 2428 351 2460 3
373 2420 451 2453 Deo
471 2416 601 2466 itaque
615 2430 685 2466 pro
705 2419 879 2455 omnibus
897 2418 1031 2466 gloria.
1054 2418 1149 2456 Ibid.
