1430 2658
289 0 409 10 -.μιν

419 22 446 45 LV

11 87 22 121 ’,
309 47 499 124 nra-
518 88 764 123 monuo.
792 77 894 135 Cap.
925 76 1065 123 Vll!
1277 77 1359 124 165

11 176 14 181 -
67 133 534 212 meet-’Hm
543 158 767 205 terrenum,
786 159 827 196 et
851 154 1089 208 temporale,
1108 159 1148 197 et
1166 155 1358 198 umbrati-

27 206 278 270 *timet
294 218 576 274 saeerfflttnnr·
611 217 684 260 sed
703 218 881 271 coeloete,
919 233 1079 274 verum,
1102 227 1289 264 aeternum
1316 227 1358 263 et

1 284 5 286 ’
42 282 362 342 vetlffivinum,
383 270 533 327 infirme
552 285 788 340 praestanttus
813 282 1009 327 Levitico.
1244 320 1246 323 ,

56 352 59 353 ’
102 350 267 410 Qu'anto
281 362 320 396 et
340 351 509 396 melcho-ts
534 353 778 395 Testamenti
792 355 987 396 mediator
1005 362 1076 396 est.

97 418 192 464 Plus
208 424 324 476 quam
338 420 568 463 sufficienter
584 425 621 461 et
635 420 789 462 abunde
807 420 968 474 probata
982 435 1030 463 ex
1050 422 1229 461 omnibus
1247 420 1351 462 huc-

39 491 163 545 usque
194 487 303 530 dictis
345 487 553 528 mutatione
593 485 795 528 sacerdotii
825 484 993 528 Levitici
1022 488 1062 528 in
1095 487 1350 528 sacerdotium

39 549 194 596 Clu-isti
215 553 327 608 longe
359 551 630 601 excellentius,
661 550 873 607 Apostolus
907 552 1092 594 subtiliter
1122 558 1161 593 et
1190 552 1350 594 dextere

38 620 172 660 transit
187 619 235 660 ad
256 620 397 660 veteris
410 617 652 660 Testamenti
670 620 1010 660 commutationem
1026 620 1065 659 in
1083 631 1244 669 novum,
1264 616 1351 661 Ve-

37 679 110 728 teri
132 675 286 741 quoque
304 684 424 727 multo
442 685 694 740 praestantius.

97 747 195 804 Cap.
226 764 265 805 7.
293 747 342 798 fi.
374 765 439 791 12.
460 751 592 803 incipit
618 748 747 791 dicere
776 748 900 803 legem
933 763 1017 791 esse
1044 757 1254 799 mutatam3
1284 747 1349 791 hic

36 817 174 870 probat
190 808 236 857 'id
246 813 370 858 {uisse
400 815 644 869 praedictum,
666 814 776 855 simul
806 822 843 856 et
870 818 1038 857 breviter
1062 816 1228 858 ostendit
1252 818 1346 857 novi

36 877 280 924 Testamenti
302 895 414 936 supra
434 890 545 924 vetus
564 881 869 934 praecellentiam.

97 945 259 1001 Quanto
271 958 311 986 et
325 948 495 987 melioris
528 947 772 987 Testamenti
788 948 981 988 mediator
1007 955 1079 990 est.

90 1009 139 1053 Id
164 1019 247 1064 est,
269 1013 526 1055 sacerdotium
550 1012 692 1055 Christi
713 1019 760 1055 eo
790 1017 1028 1067 praestantius
1059 1022 1115 1056 est
1143 1012 1347 1065 Levitico,

35 1080 113 1130 quo
132 1090 280 1118 novum
302 1074 612 1128 Testamentum,
636 1080 740 1131 cujus
759 1079 948 1120 mediator
962 1085 1020 1120 est
1037 1076 1224 1128 Christus,
1246 1093 1349 1133 prae-

0 1177 2 1179 .
34 1141 132 1182 cellit
154 1143 289 1183 v'eteri.

95 1207 245 1261 Quod
229 1223 271 1248 m
286 1209 549 1251 melioribus...
555 1207 673 1264 ,8)τ.
701 1217 741 1252 et
767 1225 852 1251 cum
882 1209 1214 1271 excellentioribus
1233 1225 1345 1264 quam

32 1270 127 1314 illius
148 1274 464 1326 promissionibus
482 1275 610 1315 datum
634 1281 705 1316 est.

87 1332 135 1376 Id
153 1343 236 1387 est,
264 1344 301 1378 et
319 1339 395 1391 quo
417 1337 569 1378 meliora
592 1338 699 1379 bona
715 1340 791 1379 suis
812 1340 1023 1392 promittit,
1044 1337 1247 1392 spiritualia
1264 1339 1346 1378 sci-

30 1397 119 1440 licet
138 1406 177 1440 et
199 1399 364 1441 coelestia
378 1431 390 1451 ‚
410 1415 569 1454 regnum
587 1401 767 1443 coelorum
782 1433 791 1450 ,
819 1405 935 1442 vitam
957 1409 1136 1443 aeternam
1153 1431 1164 1449 ‚
1189 1399 1264 1442 Dei
1285 1402 1347 1454 ip-

30 1462 108 1503 sins
127 1465 437 1518 possessionem:
461 1468 547 1506 cum
575 1472 687 1507 vetus
706 1463 1004 1508 Testamentum
1029 1473 1176 1507 terrena
1196 1468 1344 1507 tanturn

29 1520 263 1582 pro‘poneret
281 1543 292 1568 :
315 1529 418 1570 bona
433 1537 545 1571 terroe
564 1532 786 1581 comedetis,
808 1539 845 1573 et
866 1532 926 1572 his
945 1532 1094 1573 similia.

87 1587 136 1637 Ῠ.
158 1611 198 1648 7.
220 1593 332 1636 Nam
351 1597 389 1636 εἰ
409 1597 510 1636 illud
521 1599 631 1649 prius
651 1598 767 1650 culsui
792 1596 985 1638 vacasset.
1006 1594 1079 1637 Gr.
1118 1595 1344 1650 inculpabile

30 1665 145 1701 esset.
162 1657 253 1712 Syr.
273 1660 360 1700 non'
382 1659 514 1702 suisset
538 1663 750 1703 obnoxium
772 1662 904 1717 culpae.
929 1659 1054 1703 Arab.
1074 1662 1169 1702 vitio
1190 1669 1346 1703 careret.

87 1719 135 1763 ld
164 1729 246 1772 est,
276 1726 308 1764 si
333 1726 437 1778 prim
459 1723 752 1767 Testamentum
774 1726 926 1767 defectu
960 1728 1164 1772 caruissem
1196 1727 1280 1777 vel,
1312 1730 1344 1768 si

27 1786 238 1843 perfectum
257 1789 413 1845 fuisset,
434 1798 471 1833 et
489 1792 538 1833 ad
564 1791 842 1846 perfectionem
863 1792 1052 1834 adducere
1073 1795 1282 1848 potuisset:
1312 1796 1343 1834 si

27 1855 68 1895 in
84 1865 134 1894 eo
152 1851 248 1894 nibil
266 1853 564 1902 desiderandum
586 1855 783 1899 defuisset.

84 1918 180 1960 Non
200 1921 331 1974 utique
348 1923 510 1963 secundi
519 1922 667 1967 Iocus...
685 1919 776 1978 Syr.
799 1922 922 1964 nullus
943 1922 1091 1964 relictus
1108 1921 1237 1964 fuisset
1249 1921 1339 1964 huic

27 1984 201 2026 secundo
218 1984 340 2026 locus.

82 2047 131 2090 ld
146 2056 231 2102 est,
251 2064 332 2091 non
361 2049 492 2093 fuisset
524 2054 781 2095 necessarium
814 2053 913 2094 aliud
946 2059 1244 2104 testamentum,
1275 2067 1343 2095 seu

24 2114 129 2168 prius
149 2112 238 2155 illud
259 2127 342 2155 non
364 2114 499 2169 *suisset
520 2124 688 2160 amotum
702 2149 714 2170 ‚
737 2125 779 2160 ut
806 2110 1025 2160 secundum
1053 2120 1088 2160 ei
1105 2118 1342 2171 succederet.

83 2175 292 2233 supposuit
331 2180 372 2220 in
416 2183 537 2235 capite
569 2185 758 2236 septimo,
783 2178 831 2227 Ῠ.
866 2181 932 2226 18.
962 2175 1221 2226 infirmitatem
1247 2182 1341 2237 legis

24 2241 227 2292 Mosaicae;
249 2244 349 2287 illam
371 2245 436 2289 blc
453 2249 602 2301 probat.

80 2304 131 2355 Ϊ.
145 2308 188 2354 8.
206 2307 447 2366 Vituperans
462 2315 567 2354 enim
586 2329 663 2357 eos.
679 2311 771 2370 Syr.
789 2314 944 2370 culpans
963 2317 1069 2356 enim
1088 2327 1154 2355 eos
1168 2347 1181 2367 ‚

78 2371 130 2417 Id
149 2382 230 2428 est,
245 2390 430 2419 accusans
451 2375 616 2421 Judaeos
628 2410 639 2431 ‚
659 2394 739 2422 non
753 2379 880 2435 legem
893 2396 904 2430 3
916 2380 1013 2436 legis
1029 2388 1158 2423 tamen
1173 2379 1346 2423 indicans

22 2441 282 2487 infirmitatem
296 2474 309 2500 ,
331 2448 418 2488 cum
435 2445 702 2501 perfectiorem
724 2450 933 2505 promittat.
