<?xml version="1.0" encoding="UTF-8"?>
<!DOCTYPE html PUBLIC "-//W3C//DTD XHTML 1.0 Transitional//EN"
    "http://www.w3.org/TR/xhtml1/DTD/xhtml1-transitional.dtd">
<html xmlns="http://www.w3.org/1999/xhtml" xml:lang="en" lang="en">
 <head>
  <title>
</title>
<meta http-equiv="Content-Type" content="text/html;charset=utf-8" />
  <meta name='ocr-system' content='tesseract 3.04.00' />
  <meta name='ocr-capabilities' content='ocr_page ocr_carea ocr_par ocr_line ocrx_word'/>
</head>
<body>
  <div class='ocr_page' id='page_1' title='image "./epistolaumbpauli06picq_0334.png"; bbox 0 0 1474 2658; ppageno 0'>
   <div class='ocr_carea' id='block_1_1' title="bbox 43 58 1089 112">
    <p class='ocr_par' dir='ltr' id='par_1_1' title="bbox 43 58 1089 112">
     <span class='ocr_line' id='line_1_1' title="bbox 43 58 1089 112; baseline 0.002 -4"><span class='ocrx_word' id='word_1_1' title='bbox 43 71 46 80; x_wconf 89' lang='lat'><em>·</em></span> <span class='ocrx_word' id='word_1_2' title='bbox 116 61 205 108; x_wconf 79' lang='lat'><strong>318</strong></span> <span class='ocrx_word' id='word_1_3' title='bbox 461 72 463 74; x_wconf 87' lang='grc'><strong><em>·</em></strong></span> <span class='ocrx_word' id='word_1_4' title='bbox 511 74 749 112; x_wconf 67' lang='lat' dir='ltr'><strong>nus-rom·</strong></span> <span class='ocrx_word' id='word_1_5' title='bbox 749 58 823 110; x_wconf 70' lang='lat' dir='ltr'><strong>Ab</strong></span> <span class='ocrx_word' id='word_1_6' title='bbox 843 77 1089 109; x_wconf 66' lang='lat' dir='ltr'><strong>mannos·</strong></span> 
     </span>
    </p>
   </div>
   <div class='ocr_carea' id='block_1_2' title="bbox 120 101 1426 258">
    <p class='ocr_par' dir='ltr' id='par_1_2' title="bbox 120 101 1426 258">
     <span class='ocr_line' id='line_1_2' title="bbox 180 101 1426 198; baseline 0.004 -17"><span class='ocrx_word' id='word_1_7' title='bbox 180 139 259 181; x_wconf 82' lang='lat' dir='ltr'><strong>Per</strong></span> <span class='ocrx_word' id='word_1_8' title='bbox 274 140 410 182; x_wconf 77' lang='lat' dir='ltr'><strong>Jesum</strong></span> <span class='ocrx_word' id='word_1_9' title='bbox 431 139 662 192; x_wconf 78' lang='lat' dir='ltr'><strong><em>Christum,</em></strong></span> <span class='ocrx_word' id='word_1_10' title='bbox 676 140 721 183; x_wconf 80' lang='lat' dir='ltr'><strong>id</strong></span> <span class='ocrx_word' id='word_1_11' title='bbox 745 147 828 195; x_wconf 84' lang='lat' dir='ltr'><strong>est,</strong></span> <span class='ocrx_word' id='word_1_12' title='bbox 849 155 918 198; x_wconf 89' lang='lat' dir='ltr'><strong>per</strong></span> <span class='ocrx_word' id='word_1_13' title='bbox 936 143 1072 185; x_wconf 74' lang='lat' dir='ltr'><strong>merita</strong></span> <span class='ocrx_word' id='word_1_14' title='bbox 1082 137 1180 185; x_wconf 74' lang='lat' dir='ltr'><strong>Jem</strong></span> <span class='ocrx_word' id='word_1_15' title='bbox 1191 137 1342 186; x_wconf 69' lang='lat' dir='ltr'><strong>Chnsfi</strong></span> <span class='ocrx_word' id='word_1_16' title='bbox 1354 101 1426 186; x_wconf 68' lang='lat' dir='ltr'><strong>‘filii</strong></span> 
     </span>
     <span class='ocr_line' id='line_1_3' title="bbox 120 205 550 258; baseline -0.003 -11"><span class='ocrx_word' id='word_1_17' title='bbox 120 206 201 254; x_wconf 83' lang='lat' dir='ltr'><strong>sui</strong></span> <span class='ocrx_word' id='word_1_18' title='bbox 223 205 289 245; x_wconf 75' lang='lat' dir='ltr'><strong>cuz·</strong></span> <span class='ocrx_word' id='word_1_19' title='bbox 306 212 363 246; x_wconf 83' lang='lat' dir='ltr'><strong>est</strong></span> <span class='ocrx_word' id='word_1_20' title='bbox 376 206 550 258; x_wconf 69' lang='lat' dir='ltr'><strong>glor-la...</strong></span> 
     </span>
    </p>
   </div>
   <div class='ocr_carea' id='block_1_3' title="bbox 113 259 1430 905">
    <p class='ocr_par' dir='ltr' id='par_1_3' title="bbox 120 259 1428 388">
     <span class='ocr_line' id='line_1_4' title="bbox 176 259 1428 321; baseline 0.002 -10"><span class='ocrx_word' id='word_1_21' title='bbox 176 259 313 311; x_wconf 50' lang='lat'><strong>122.</strong></span> <span class='ocrx_word' id='word_1_22' title='bbox 337 269 450 321; x_wconf 83' lang='lat' dir='ltr'><strong>Rogo</strong></span> <span class='ocrx_word' id='word_1_23' title='bbox 467 275 597 310; x_wconf 80' lang='lat' dir='ltr'><strong>autem</strong></span> <span class='ocrx_word' id='word_1_24' title='bbox 622 284 693 311; x_wconf 72' lang='lat' dir='ltr'><strong>vos</strong></span> <span class='ocrx_word' id='word_1_25' title='bbox 703 267 898 319; x_wconf 68' lang='lat' dir='ltr'><strong>,fratres</strong></span> <span class='ocrx_word' id='word_1_26' title='bbox 910 298 926 319; x_wconf 89' lang='lat'>‚</span> <span class='ocrx_word' id='word_1_27' title='bbox 958 275 1001 309; x_wconf 82' lang='lat' dir='ltr'><strong>ut</strong></span> <span class='ocrx_word' id='word_1_28' title='bbox 1019 267 1136 319; x_wconf 71' lang='lat' dir='ltr'><strong>(licet</strong></span> <span class='ocrx_word' id='word_1_29' title='bbox 1153 283 1236 313; x_wconf 76' lang='lat' dir='ltr'><strong>non</strong></span> <span class='ocrx_word' id='word_1_30' title='bbox 1252 272 1327 314; x_wconf 80' lang='lat' dir='ltr'><strong>sim</strong></span> <span class='ocrx_word' id='word_1_31' title='bbox 1351 276 1428 315; x_wconf 71' lang='lat' dir='ltr'><strong>tam</strong></span> 
     </span>
     <span class='ocr_line' id='line_1_5' title="bbox 120 330 841 388; baseline 0.006 -16"><span class='ocrx_word' id='word_1_32' title='bbox 120 338 249 374; x_wconf 84' lang='lat' dir='ltr'><strong>vester</strong></span> <span class='ocrx_word' id='word_1_33' title='bbox 266 335 378 387; x_wconf 69' lang='lat' dir='ltr'><strong>quam</strong></span> <span class='ocrx_word' id='word_1_34' title='bbox 397 335 570 388; x_wconf 80' lang='lat' dir='ltr'><strong>gentium</strong></span> <span class='ocrx_word' id='word_1_35' title='bbox 590 330 841 387; x_wconf 82' lang='lat' dir='ltr'><strong>Apostolus.)</strong></span> 
     </span>
    </p>

    <p class='ocr_par' dir='ltr' id='par_1_4' title="bbox 120 395 1428 571">
     <span class='ocr_line' id='line_1_6' title="bbox 178 395 1428 454; baseline 0.003 -16"><span class='ocrx_word' id='word_1_36' title='bbox 178 395 388 451; x_wconf 76' lang='lat' dir='ltr'><strong>Suffermis</strong></span> <span class='ocrx_word' id='word_1_37' title='bbox 405 400 566 441; x_wconf 72' lang='lat' dir='ltr'><strong>verbum</strong></span> <span class='ocrx_word' id='word_1_38' title='bbox 585 400 720 440; x_wconf 78' lang='lat' dir='ltr'><strong>solatii</strong></span> <span class='ocrx_word' id='word_1_39' title='bbox 730 429 744 449; x_wconf 92' lang='lat'><strong><em>,</em></strong></span> <span class='ocrx_word' id='word_1_40' title='bbox 770 399 810 441; x_wconf 87' lang='lat' dir='ltr'><strong>id</strong></span> <span class='ocrx_word' id='word_1_41' title='bbox 827 405 910 450; x_wconf 83' lang='lat' dir='ltr'><strong>est,</strong></span> <span class='ocrx_word' id='word_1_42' title='bbox 935 404 1041 454; x_wconf 84' lang='lat' dir='ltr'><strong>grato</strong></span> <span class='ocrx_word' id='word_1_43' title='bbox 1062 405 1193 440; x_wconf 86' lang='lat' dir='ltr'><strong>tamen</strong></span> <span class='ocrx_word' id='word_1_44' title='bbox 1211 399 1339 440; x_wconf 85' lang='lat' dir='ltr'><strong>animo</strong></span> <span class='ocrx_word' id='word_1_45' title='bbox 1357 413 1428 442; x_wconf 87' lang='lat' dir='ltr'><strong>re-</strong></span> 
     </span>
     <span class='ocr_line' id='line_1_7' title="bbox 120 462 1428 520; baseline 0.001 -15"><span class='ocrx_word' id='word_1_46' title='bbox 120 464 265 518; x_wconf 79' lang='lat' dir='ltr'><strong>cipiatis</strong></span> <span class='ocrx_word' id='word_1_47' title='bbox 297 463 397 505; x_wconf 89' lang='lat' dir='ltr'><strong>hanc</strong></span> <span class='ocrx_word' id='word_1_48' title='bbox 430 465 628 520; x_wconf 71' lang='lat' dir='ltr'><strong>epistotam</strong></span> <span class='ocrx_word' id='word_1_49' title='bbox 657 464 957 507; x_wconf 81' lang='lat' dir='ltr'><strong>exhortatoriam</strong></span> <span class='ocrx_word' id='word_1_50' title='bbox 990 463 1118 506; x_wconf 74' lang='lat' dir='ltr'><strong>simul.</strong></span> <span class='ocrx_word' id='word_1_51' title='bbox 1138 470 1176 507; x_wconf 84' lang='lat' dir='ltr'><strong>et</strong></span> <span class='ocrx_word' id='word_1_52' title='bbox 1191 462 1428 506; x_wconf 77' lang='lat' dir='ltr'><strong>-consolato-</strong></span> 
     </span>
     <span class='ocr_line' id='line_1_8' title="bbox 120 541 228 571; baseline 0.009 -1"><span class='ocrx_word' id='word_1_53' title='bbox 120 541 228 571; x_wconf 70' lang='lat' dir='ltr'><strong>riam.</strong></span> 
     </span>
    </p>

    <p class='ocr_par' dir='ltr' id='par_1_5' title="bbox 120 592 1430 716">
     <span class='ocr_line' id='line_1_9' title="bbox 179 592 1430 650; baseline -0.002 -12"><span class='ocrx_word' id='word_1_54' title='bbox 179 595 334 638; x_wconf 80' lang='lat' dir='ltr'><em>Etenim</em></span> <span class='ocrx_word' id='word_1_55' title='bbox 348 597 595 650; x_wconf 82' lang='lat' dir='ltr'><strong>perpaucis...</strong></span> <span class='ocrx_word' id='word_1_56' title='bbox 612 592 682 638; x_wconf 87' lang='lat' dir='ltr'><strong>Gr.</strong></span> <span class='ocrx_word' id='word_1_57' title='bbox 695 610 765 650; x_wconf 78' lang='lat' dir='ltr'><strong>per</strong></span> <span class='ocrx_word' id='word_1_58' title='bbox 779 596 914 638; x_wconf 81' lang='lat' dir='ltr'><strong>brevia</strong></span> <span class='ocrx_word' id='word_1_59' title='bbox 927 597 1012 638; x_wconf 83' lang='lat' dir='ltr'><strong>misi</strong></span> <span class='ocrx_word' id='word_1_60' title='bbox 1029 596 1144 637; x_wconf 88' lang='lat' dir='ltr'><strong>vobis</strong></span> <span class='ocrx_word' id='word_1_61' title='bbox 1156 625 1169 646; x_wconf 87' lang='lat'><strong>,</strong></span> <span class='ocrx_word' id='word_1_62' title='bbox 1187 594 1229 637; x_wconf 87' lang='lat' dir='ltr'><strong>id</strong></span> <span class='ocrx_word' id='word_1_63' title='bbox 1243 599 1326 646; x_wconf 86' lang='lat' dir='ltr'><strong>est,</strong></span> <span class='ocrx_word' id='word_1_64' title='bbox 1345 607 1430 650; x_wconf 88' lang='lat' dir='ltr'><strong>per·</strong></span> 
     </span>
     <span class='ocr_line' id='line_1_10' title="bbox 120 659 1287 716; baseline 0.002 -14"><span class='ocrx_word' id='word_1_65' title='bbox 120 662 249 716; x_wconf 74' lang='lat' dir='ltr'><strong>paucis</strong></span> <span class='ocrx_word' id='word_1_66' title='bbox 265 660 498 703; x_wconf 63' lang='lat' dir='ltr'><strong>considerata</strong></span> <span class='ocrx_word' id='word_1_67' title='bbox 514 659 690 714; x_wconf 66' lang='lat' dir='ltr'><strong>materia,</strong></span> <span class='ocrx_word' id='word_1_68' title='bbox 708 663 840 716; x_wconf 86' lang='lat' dir='ltr'>scripsi</span> <span class='ocrx_word' id='word_1_69' title='bbox 856 663 989 712; x_wconf 86' lang='lat' dir='ltr'><strong>vobis,</strong></span> <span class='ocrx_word' id='word_1_70' title='bbox 1009 675 1061 704; x_wconf 91' lang='lat' dir='ltr'><strong>ne</strong></span> <span class='ocrx_word' id='word_1_71' title='bbox 1074 660 1287 716; x_wconf 73' lang='lat' dir='ltr'>fatigarem.</span> 
     </span>
    </p>

    <p class='ocr_par' dir='ltr' id='par_1_6' title="bbox 113 719 1428 898">
     <span class='ocr_line' id='line_1_11' title="bbox 176 719 1428 783; baseline -0.002 -14"><span class='ocrx_word' id='word_1_72' title='bbox 176 719 225 769; x_wconf 66' lang='lat'><strong>2⁵.</strong></span> <span class='ocrx_word' id='word_1_73' title='bbox 247 727 315 770; x_wconf 84' lang='lat'><strong>23.</strong></span> <span class='ocrx_word' id='word_1_74' title='bbox 335 726 589 782; x_wconf 76' lang='lat' dir='ltr'><strong>Cognosczte.,</strong></span> <span class='ocrx_word' id='word_1_75' title='bbox 622 727 662 770; x_wconf 90' lang='lat' dir='ltr'><strong>id</strong></span> <span class='ocrx_word' id='word_1_76' title='bbox 677 735 759 779; x_wconf 82' lang='lat' dir='ltr'><strong>est,</strong></span> <span class='ocrx_word' id='word_1_77' title='bbox 792 730 926 770; x_wconf 85' lang='lat' dir='ltr'><strong>scitote</strong></span> <span class='ocrx_word' id='word_1_78' title='bbox 959 736 996 771; x_wconf 88' lang='lat' dir='ltr'><strong>et</strong></span> <span class='ocrx_word' id='word_1_79' title='bbox 1027 729 1244 783; x_wconf 80' lang='lat' dir='ltr'><strong>cognoscite</strong></span> <span class='ocrx_word' id='word_1_80' title='bbox 1273 738 1428 768; x_wconf 87' lang='lat' dir='ltr'><strong>mecum</strong></span> 
     </span>
     <span class='ocr_line' id='line_1_12' title="bbox 113 787 1429 846; baseline 0.002 -16"><span class='ocrx_word' id='word_1_81' title='bbox 113 787 282 840; x_wconf 82' lang='lat' dir='ltr'><strong>fratrem</strong></span> <span class='ocrx_word' id='word_1_82' title='bbox 301 799 476 832; x_wconf 81' lang='lat' dir='ltr'><strong>nostrum</strong></span> <span class='ocrx_word' id='word_1_83' title='bbox 499 791 745 832; x_wconf 82' lang='lat' dir='ltr'><em>Timotheum</em></span> <span class='ocrx_word' id='word_1_84' title='bbox 765 792 983 835; x_wconf 69' lang='lat' dir='ltr'><strong>damissum.</strong></span> <span class='ocrx_word' id='word_1_85' title='bbox 1002 789 1072 835; x_wconf 86' lang='lat' dir='ltr'><strong>Gr.</strong></span> <span class='ocrx_word' id='word_1_86' title='bbox 1090 790 1321 834; x_wconf 73' lang='lat' dir='ltr'><strong>absolutum.</strong></span> <span class='ocrx_word' id='word_1_87' title='bbox 1337 787 1429 846; x_wconf 76' lang='lat' dir='ltr'><strong>Syr.</strong></span> 
     </span>
     <span class='ocr_line' id='line_1_13' title="bbox 120 853 806 905; baseline 0.001 -11"><span class='ocrx_word' id='word_1_88' title='bbox 120 853 284 897; x_wconf 82' lang='lat' dir='ltr'><strong>solutum</strong></span> <span class='ocrx_word' id='word_1_89' title='bbox 300 869 405 905; x_wconf 84' lang='lat' dir='ltr'><strong>esse,</strong></span> <span class='ocrx_word' id='word_1_90' title='bbox 428 856 572 897; x_wconf 82' lang='lat' dir='ltr'><strong>scilicet</strong></span> <span class='ocrx_word' id='word_1_91' title='bbox 589 858 611 896; x_wconf 77' lang='grc' dir='ltr'>ὲ</span> <span class='ocrx_word' id='word_1_92' title='bbox 628 855 806 896; x_wconf 82' lang='lat' dir='ltr'><strong>vinculis.</strong></span> 
     </span>
    </p>
   </div>
   <div class='ocr_carea' id='block_1_4' title="bbox 115 908 1432 1695">
    <p class='ocr_par' dir='ltr' id='par_1_7' title="bbox 118 908 1428 1038">
     <span class='ocr_line' id='line_1_14' title="bbox 174 908 1428 975; baseline 0.002 -15.005"><span class='ocrx_word' id='word_1_93' title='bbox 174 917 374 973; x_wconf 84' lang='lat' dir='ltr'><strong>Ignoratur</strong></span> <span class='ocrx_word' id='word_1_94' title='bbox 390 922 455 962; x_wconf 90' lang='lat' dir='ltr'><strong>ubi</strong></span> <span class='ocrx_word' id='word_1_95' title='bbox 470 919 638 962; x_wconf 86' lang='lat' dir='ltr'><strong>fueritin</strong></span> <span class='ocrx_word' id='word_1_96' title='bbox 653 920 839 965; x_wconf 73' lang='lat' dir='ltr'><strong>vinculis.</strong></span> <span class='ocrx_word' id='word_1_97' title='bbox 855 919 966 973; x_wconf 83' lang='lat' dir='ltr'>aliqui</span> <span class='ocrx_word' id='word_1_98' title='bbox 984 908 1275 975; x_wconf 73' lang='lat' dir='ltr'>interpretantur</span> <span class='ocrx_word' id='word_1_99' title='bbox 1292 919 1428 962; x_wconf 81' lang='lat' dir='ltr'><strong>dimis-</strong></span> 
     </span>
     <span class='ocr_line' id='line_1_15' title="bbox 118 984 1355 1038; baseline 0.001 -12"><span class='ocrx_word' id='word_1_100' title='bbox 118 993 204 1026; x_wconf 76' lang='lat' dir='ltr'><strong>sum</strong></span> <span class='ocrx_word' id='word_1_101' title='bbox 221 986 268 1026; x_wconf 84' lang='lat' dir='ltr'><strong>ab</strong></span> <span class='ocrx_word' id='word_1_102' title='bbox 284 987 434 1035; x_wconf 66' lang='lat' dir='ltr'><strong>amicis⁷</strong></span> <span class='ocrx_word' id='word_1_103' title='bbox 455 988 476 1025; x_wconf 75' lang='grc' dir='ltr'>ὲ</span> <span class='ocrx_word' id='word_1_104' title='bbox 494 985 657 1038; x_wconf 83' lang='lat' dir='ltr'><strong>negotiis</strong></span> <span class='ocrx_word' id='word_1_105' title='bbox 675 1014 686 1033; x_wconf 86' lang='lat'><strong>‚</strong></span> <span class='ocrx_word' id='word_1_106' title='bbox 706 986 842 1038; x_wconf 86' lang='lat' dir='ltr'><strong>quibus</strong></span> <span class='ocrx_word' id='word_1_107' title='bbox 862 984 1115 1027; x_wconf 80' lang='lat' dir='ltr'><strong>detinebatur.</strong></span> <span class='ocrx_word' id='word_1_108' title='bbox 1350 1015 1355 1018; x_wconf 87' lang='lat'><em>-</em></span> 
     </span>
    </p>

    <p class='ocr_par' dir='ltr' id='par_1_8' title="bbox 115 1044 1431 1237">
     <span class='ocr_line' id='line_1_16' title="bbox 176 1044 1429 1093; baseline 0 -3"><span class='ocrx_word' id='word_1_109' title='bbox 176 1050 223 1090; x_wconf 85' lang='lat' dir='ltr'><strong>Si</strong></span> <span class='ocrx_word' id='word_1_110' title='bbox 238 1050 396 1090; x_wconf 64' lang='lat' dir='ltr'><strong>celerius</strong></span> <span class='ocrx_word' id='word_1_111' title='bbox 427 1052 587 1090; x_wconf 74' lang='lat' dir='ltr'><strong>venerit.</strong></span> <span class='ocrx_word' id='word_1_112' title='bbox 606 1046 796 1091; x_wconf 82' lang='lat' dir='ltr'><strong>Nonerat</strong></span> <span class='ocrx_word' id='word_1_113' title='bbox 820 1055 909 1090; x_wconf 88' lang='lat' dir='ltr'><strong>tunc</strong></span> <span class='ocrx_word' id='word_1_114' title='bbox 932 1063 1019 1091; x_wconf 84' lang='lat' dir='ltr'><strong>cum</strong></span> <span class='ocrx_word' id='word_1_115' title='bbox 1038 1046 1171 1091; x_wconf 82' lang='lat' dir='ltr'><strong>Paulo.</strong></span> <span class='ocrx_word' id='word_1_116' title='bbox 1200 1044 1242 1090; x_wconf 88' lang='lat' dir='ltr'><strong>Si</strong></span> <span class='ocrx_word' id='word_1_117' title='bbox 1261 1049 1336 1093; x_wconf 75' lang='lat' dir='ltr'><strong>cito</strong></span> <span class='ocrx_word' id='word_1_118' title='bbox 1356 1061 1429 1090; x_wconf 89' lang='lat' dir='ltr'><strong>re-</strong></span> 
     </span>
     <span class='ocr_line' id='line_1_17' title="bbox 117 1111 1431 1169; baseline 0 -15"><span class='ocrx_word' id='word_1_119' title='bbox 117 1113 229 1155; x_wconf 85' lang='lat' dir='ltr'><strong>dierit</strong></span> <span class='ocrx_word' id='word_1_120' title='bbox 247 1112 295 1154; x_wconf 91' lang='lat' dir='ltr'><strong>ad</strong></span> <span class='ocrx_word' id='word_1_121' title='bbox 310 1127 372 1154; x_wconf 89' lang='lat' dir='ltr'><strong>me</strong></span> <span class='ocrx_word' id='word_1_122' title='bbox 387 1143 398 1164; x_wconf 88' lang='lat'>‚</span> <span class='ocrx_word' id='word_1_123' title='bbox 417 1114 515 1153; x_wconf 69' lang='lat' dir='ltr'><strong>brevi</strong></span> <span class='ocrx_word' id='word_1_124' title='bbox 534 1113 671 1154; x_wconf 78' lang='lat' dir='ltr'><strong>videbo</strong></span> <span class='ocrx_word' id='word_1_125' title='bbox 690 1128 773 1155; x_wconf 76' lang='lat' dir='ltr'><strong>vos.</strong></span> <span class='ocrx_word' id='word_1_126' title='bbox 789 1111 882 1169; x_wconf 90' lang='lat' dir='ltr'><strong>Syr.</strong></span> <span class='ocrx_word' id='word_1_127' title='bbox 902 1127 993 1155; x_wconf 90' lang='lat' dir='ltr'><strong>cum</strong></span> <span class='ocrx_word' id='word_1_128' title='bbox 1006 1127 1056 1156; x_wconf 88' lang='lat' dir='ltr'><strong>eo</strong></span> <span class='ocrx_word' id='word_1_129' title='bbox 1071 1127 1143 1156; x_wconf 83' lang='lat' dir='ltr'><strong>vos</strong></span> <span class='ocrx_word' id='word_1_130' title='bbox 1167 1114 1331 1157; x_wconf 82' lang='lat' dir='ltr'><strong>invisam</strong></span> <span class='ocrx_word' id='word_1_131' title='bbox 1347 1127 1358 1154; x_wconf 73' lang='grc' dir='ltr'><strong><em>ε</em></strong></span> <span class='ocrx_word' id='word_1_132' title='bbox 1380 1111 1431 1155; x_wconf 87' lang='lat' dir='ltr'><strong>de</strong></span> 
     </span>
     <span class='ocr_line' id='line_1_18' title="bbox 115 1175 889 1237; baseline 0 -16"><span class='ocrx_word' id='word_1_133' title='bbox 115 1178 188 1221; x_wconf 70' lang='lat' dir='ltr'><strong>hac</strong></span> <span class='ocrx_word' id='word_1_134' title='bbox 205 1178 377 1221; x_wconf 60' lang='lat' dir='ltr'><strong>absoluta</strong></span> <span class='ocrx_word' id='word_1_135' title='bbox 403 1178 596 1221; x_wconf 85' lang='lat' dir='ltr'><strong>locutione</strong></span> <span class='ocrx_word' id='word_1_136' title='bbox 611 1211 623 1232; x_wconf 90' lang='lat'>‚</span> <span class='ocrx_word' id='word_1_137' title='bbox 644 1180 734 1222; x_wconf 88' lang='lat' dir='ltr'><strong>vide</strong></span> <span class='ocrx_word' id='word_1_138' title='bbox 755 1175 802 1225; x_wconf 58' lang='grc' dir='ltr'><strong>ἵ.</strong></span> <span class='ocrx_word' id='word_1_139' title='bbox 824 1195 889 1237; x_wconf 86' lang='lat'><strong>19.</strong></span> 
     </span>
    </p>

    <p class='ocr_par' dir='ltr' id='par_1_9' title="bbox 115 1240 1430 1434">
     <span class='ocr_line' id='line_1_19' title="bbox 173 1240 1430 1302; baseline -0.001 -14"><span class='ocrx_word' id='word_1_140' title='bbox 173 1240 223 1291; x_wconf 63' lang='grc' dir='ltr'><strong>Ῠ.</strong></span> <span class='ocrx_word' id='word_1_141' title='bbox 245 1246 312 1297; x_wconf 74' lang='grc'><strong><em>24..</em></strong></span> <span class='ocrx_word' id='word_1_142' title='bbox 327 1242 508 1286; x_wconf 79' lang='lat' dir='ltr'><strong>Salutate</strong></span> <span class='ocrx_word' id='word_1_143' title='bbox 525 1261 658 1287; x_wconf 79' lang='lat' dir='ltr'><strong>omnes</strong></span> <span class='ocrx_word' id='word_1_144' title='bbox 678 1250 923 1301; x_wconf 79' lang='lat' dir='ltr'><strong>proepositos.</strong></span> <span class='ocrx_word' id='word_1_145' title='bbox 943 1243 1014 1289; x_wconf 88' lang='lat' dir='ltr'><strong>Gr.</strong></span> <span class='ocrx_word' id='word_1_146' title='bbox 1031 1246 1162 1289; x_wconf 87' lang='lat' dir='ltr'><strong>duces.</strong></span> <span class='ocrx_word' id='word_1_147' title='bbox 1179 1242 1268 1302; x_wconf 81' lang='lat' dir='ltr'><strong>Syr.</strong></span> <span class='ocrx_word' id='word_1_148' title='bbox 1285 1250 1430 1301; x_wconf 81' lang='lat' dir='ltr'><strong>postu-</strong></span> 
     </span>
     <span class='ocr_line' id='line_1_20' title="bbox 115 1313 1429 1369; baseline 0 -14"><span class='ocrx_word' id='word_1_149' title='bbox 115 1314 189 1356; x_wconf 87' lang='lat' dir='ltr'><strong>late</strong></span> <span class='ocrx_word' id='word_1_150' title='bbox 204 1328 336 1369; x_wconf 86' lang='lat' dir='ltr'><strong>pacem</strong></span> <span class='ocrx_word' id='word_1_151' title='bbox 358 1328 490 1355; x_wconf 85' lang='lat' dir='ltr'><strong>eorum</strong></span> <span class='ocrx_word' id='word_1_152' title='bbox 510 1317 681 1355; x_wconf 87' lang='lat' dir='ltr'><strong>omnium</strong></span> <span class='ocrx_word' id='word_1_153' title='bbox 701 1316 765 1368; x_wconf 89' lang='lat' dir='ltr'><strong>qui</strong></span> <span class='ocrx_word' id='word_1_154' title='bbox 784 1322 952 1369; x_wconf 84' lang='lat' dir='ltr'><strong>praesunt</strong></span> <span class='ocrx_word' id='word_1_155' title='bbox 969 1315 1106 1367; x_wconf 82' lang='lat' dir='ltr'><strong>vobis,</strong></span> <span class='ocrx_word' id='word_1_156' title='bbox 1124 1313 1271 1357; x_wconf 78' lang='lat' dir='ltr'><strong>scilicet</strong></span> <span class='ocrx_word' id='word_1_157' title='bbox 1293 1327 1429 1355; x_wconf 82' lang='lat' dir='ltr'><strong>omnes</strong></span> 
     </span>
     <span class='ocr_line' id='line_1_21' title="bbox 117 1375 1230 1434; baseline 0.001 -15"><span class='ocrx_word' id='word_1_158' title='bbox 117 1379 181 1433; x_wconf 90' lang='lat' dir='ltr'><strong>qui</strong></span> <span class='ocrx_word' id='word_1_159' title='bbox 201 1379 240 1418; x_wconf 89' lang='lat' dir='ltr'><strong>in</strong></span> <span class='ocrx_word' id='word_1_160' title='bbox 258 1376 413 1430; x_wconf 86' lang='lat' dir='ltr'><strong>singulis</strong></span> <span class='ocrx_word' id='word_1_161' title='bbox 428 1377 578 1431; x_wconf 82' lang='lat' dir='ltr'>oppidis</span> <span class='ocrx_word' id='word_1_162' title='bbox 598 1385 766 1432; x_wconf 85' lang='lat' dir='ltr'><strong>praesunt</strong></span> <span class='ocrx_word' id='word_1_163' title='bbox 783 1381 822 1420; x_wconf 91' lang='lat' dir='ltr'><strong>in</strong></span> <span class='ocrx_word' id='word_1_164' title='bbox 840 1377 979 1421; x_wconf 62' lang='lat' dir='ltr'><strong>Judaea</strong></span> <span class='ocrx_word' id='word_1_165' title='bbox 995 1380 1087 1421; x_wconf 88' lang='lat' dir='ltr'><strong>etin</strong></span> <span class='ocrx_word' id='word_1_166' title='bbox 1106 1375 1230 1434; x_wconf 67' lang='lat' dir='ltr'><strong>Syria.</strong></span> 
     </span>
    </p>

    <p class='ocr_par' dir='ltr' id='par_1_10' title="bbox 119 1436 1432 1562">
     <span class='ocr_line' id='line_1_22' title="bbox 173 1436 1432 1498; baseline -0.002 -14"><span class='ocrx_word' id='word_1_167' title='bbox 173 1442 358 1484; x_wconf 80' lang='lat' dir='ltr'><strong>Salutant</strong></span> <span class='ocrx_word' id='word_1_168' title='bbox 373 1455 442 1483; x_wconf 76' lang='lat' dir='ltr'><strong>vos</strong></span> <span class='ocrx_word' id='word_1_169' title='bbox 458 1441 504 1480; x_wconf 84' lang='lat' dir='ltr'><strong>de</strong></span> <span class='ocrx_word' id='word_1_170' title='bbox 522 1438 647 1480; x_wconf 69' lang='lat' dir='ltr'><strong>Italici</strong></span> <span class='ocrx_word' id='word_1_171' title='bbox 657 1442 824 1492; x_wconf 74' lang='lat' dir='ltr'><strong>fratres.</strong></span> <span class='ocrx_word' id='word_1_172' title='bbox 841 1440 933 1498; x_wconf 88' lang='lat' dir='ltr'>Syr.</span> <span class='ocrx_word' id='word_1_173' title='bbox 953 1447 1140 1498; x_wconf 85' lang='lat' dir='ltr'><strong>quotquot</strong></span> <span class='ocrx_word' id='word_1_174' title='bbox 1154 1447 1243 1483; x_wconf 85' lang='lat' dir='ltr'><strong>sunt</strong></span> <span class='ocrx_word' id='word_1_175' title='bbox 1257 1454 1309 1481; x_wconf 80' lang='lat' dir='ltr'><strong>ex</strong></span> <span class='ocrx_word' id='word_1_176' title='bbox 1325 1436 1432 1482; x_wconf 61' lang='lat' dir='ltr'><strong>Italia</strong></span> 
     </span>
     <span class='ocr_line' id='line_1_23' title="bbox 119 1503 999 1562; baseline -0.003 -13"><span class='ocrx_word' id='word_1_177' title='bbox 119 1508 186 1562; x_wconf 93' lang='lat' dir='ltr'><strong>qui</strong></span> <span class='ocrx_word' id='word_1_178' title='bbox 207 1507 256 1548; x_wconf 86' lang='lat' dir='ltr'><strong>ad</strong></span> <span class='ocrx_word' id='word_1_179' title='bbox 274 1504 431 1548; x_wconf 84' lang='lat' dir='ltr'><strong>Paulum</strong></span> <span class='ocrx_word' id='word_1_180' title='bbox 453 1520 501 1546; x_wconf 87' lang='lat' dir='ltr'><strong>ex</strong></span> <span class='ocrx_word' id='word_1_181' title='bbox 518 1504 597 1546; x_wconf 67' lang='lat'><strong>1015</strong></span> <span class='ocrx_word' id='word_1_182' title='bbox 613 1503 720 1546; x_wconf 64' lang='lat' dir='ltr'><strong>Italia</strong></span> <span class='ocrx_word' id='word_1_183' title='bbox 737 1505 999 1548; x_wconf 86' lang='lat' dir='ltr'><strong>confluebant.</strong></span> 
     </span>
    </p>

    <p class='ocr_par' dir='ltr' id='par_1_11' title="bbox 168 1571 1103 1625">
     <span class='ocr_line' id='line_1_24' title="bbox 168 1571 1103 1625; baseline -0.005 -11"><span class='ocrx_word' id='word_1_184' title='bbox 168 1571 225 1625; x_wconf 60' lang='grc' dir='ltr'><strong>Ῠ.</strong></span> <span class='ocrx_word' id='word_1_185' title='bbox 260 1571 328 1613; x_wconf 81' lang='lat'><strong>25.</strong></span> <span class='ocrx_word' id='word_1_186' title='bbox 349 1571 490 1611; x_wconf 82' lang='lat' dir='ltr'><strong>Gratia</strong></span> <span class='ocrx_word' id='word_1_187' title='bbox 505 1586 593 1611; x_wconf 83' lang='lat' dir='ltr'><strong>cum</strong></span> <span class='ocrx_word' id='word_1_188' title='bbox 610 1572 790 1612; x_wconf 79' lang='lat' dir='ltr'><strong>omnihus</strong></span> <span class='ocrx_word' id='word_1_189' title='bbox 810 1572 934 1613; x_wconf 75' lang='lat' dir='ltr'><strong>vobis.</strong></span> <span class='ocrx_word' id='word_1_190' title='bbox 959 1571 1103 1612; x_wconf 80' lang='lat' dir='ltr'><strong>Amen.</strong></span> 
     </span>
    </p>

    <p class='ocr_par' dir='ltr' id='par_1_12' title="bbox 171 1637 1312 1695">
     <span class='ocr_line' id='line_1_25' title="bbox 171 1637 1312 1695; baseline -0.004 -13"><span class='ocrx_word' id='word_1_191' title='bbox 171 1637 245 1682; x_wconf 90' lang='lat' dir='ltr'><strong>Gr.</strong></span> <span class='ocrx_word' id='word_1_192' title='bbox 261 1639 309 1681; x_wconf 88' lang='lat' dir='ltr'><strong>ad</strong></span> <span class='ocrx_word' id='word_1_193' title='bbox 329 1638 520 1682; x_wconf 77' lang='lat' dir='ltr'><strong>Hebraeos</strong></span> <span class='ocrx_word' id='word_1_194' title='bbox 543 1641 679 1693; x_wconf 81' lang='lat' dir='ltr'><strong>scripta</strong></span> <span class='ocrx_word' id='word_1_195' title='bbox 698 1647 754 1682; x_wconf 87' lang='lat' dir='ltr'><strong>est</strong></span> <span class='ocrx_word' id='word_1_196' title='bbox 773 1641 819 1681; x_wconf 88' lang='lat' dir='ltr'><strong>ab</strong></span> <span class='ocrx_word' id='word_1_197' title='bbox 834 1638 941 1682; x_wconf 58' lang='lat' dir='ltr'><strong>Italia</strong></span> <span class='ocrx_word' id='word_1_198' title='bbox 957 1637 1312 1695; x_wconf 67' lang='lat' dir='ltr'><strong>perTimotheum.</strong></span> 
     </span>
    </p>
   </div>
   <div class='ocr_carea' id='block_1_5' title="bbox 119 1703 1428 1824">
    <p class='ocr_par' dir='ltr' id='par_1_13' title="bbox 119 1703 1428 1824">
     <span class='ocr_line' id='line_1_26' title="bbox 173 1703 1428 1760; baseline -0.002 -14"><span class='ocrx_word' id='word_1_199' title='bbox 173 1703 260 1760; x_wconf 86' lang='lat' dir='ltr'><strong>Syr.</strong></span> <span class='ocrx_word' id='word_1_200' title='bbox 281 1703 465 1759; x_wconf 63' lang='lat' dir='ltr'><strong>Epistola}</strong></span> <span class='ocrx_word' id='word_1_201' title='bbox 481 1705 528 1745; x_wconf 88' lang='lat' dir='ltr'><strong>ad</strong></span> <span class='ocrx_word' id='word_1_202' title='bbox 549 1703 739 1747; x_wconf 62' lang='lat' dir='ltr'><strong>H‘ebraeos</strong></span> <span class='ocrx_word' id='word_1_203' title='bbox 758 1721 807 1748; x_wconf 83' lang='lat' dir='ltr'><strong>ex</strong></span> <span class='ocrx_word' id='word_1_204' title='bbox 826 1705 930 1748; x_wconf 65' lang='lat' dir='ltr'><strong>Italia</strong></span> <span class='ocrx_word' id='word_1_205' title='bbox 948 1705 1104 1749; x_wconf 64' lang='lat' dir='ltr'><strong>romana</strong></span> <span class='ocrx_word' id='word_1_206' title='bbox 1120 1707 1273 1760; x_wconf 82' lang='lat' dir='ltr'><strong>scriptae</strong></span> <span class='ocrx_word' id='word_1_207' title='bbox 1287 1735 1300 1757; x_wconf 84' lang='lat'>,</span> <span class='ocrx_word' id='word_1_208' title='bbox 1330 1704 1428 1746; x_wconf 89' lang='lat' dir='ltr'><strong>mis-</strong></span> 
     </span>
     <span class='ocr_line' id='line_1_27' title="bbox 119 1767 731 1824; baseline 0 -13"><span class='ocrx_word' id='word_1_209' title='bbox 119 1783 253 1824; x_wconf 85' lang='lat' dir='ltr'><strong>saeque</strong></span> <span class='ocrx_word' id='word_1_210' title='bbox 269 1782 337 1822; x_wconf 88' lang='lat' dir='ltr'><strong>per</strong></span> <span class='ocrx_word' id='word_1_211' title='bbox 355 1767 608 1809; x_wconf 82' lang='lat' dir='ltr'><strong>Timotheum</strong></span> <span class='ocrx_word' id='word_1_212' title='bbox 627 1769 731 1811; x_wconf 84' lang='lat' dir='ltr'><strong>finis.</strong></span> 
     </span>
    </p>
   </div>
   <div class='ocr_carea' id='block_1_6' title="bbox 110 1825 1426 1946">
    <p class='ocr_par' dir='ltr' id='par_1_14' title="bbox 110 1825 1426 1946">
     <span class='ocr_line' id='line_1_28' title="bbox 173 1825 1426 1884; baseline -0.002 -11"><span class='ocrx_word' id='word_1_213' title='bbox 173 1830 292 1884; x_wconf 88' lang='lat' dir='ltr'><strong>Quod</strong></span> <span class='ocrx_word' id='word_1_214' title='bbox 308 1838 435 1872; x_wconf 88' lang='lat' dir='ltr'><strong>tamen</strong></span> <span class='ocrx_word' id='word_1_215' title='bbox 451 1845 531 1872; x_wconf 90' lang='lat' dir='ltr'><strong>non</strong></span> <span class='ocrx_word' id='word_1_216' title='bbox 546 1839 602 1872; x_wconf 86' lang='lat' dir='ltr'><strong>est</strong></span> <span class='ocrx_word' id='word_1_217' title='bbox 621 1839 764 1872; x_wconf 86' lang='lat' dir='ltr'><strong>certum</strong></span> <span class='ocrx_word' id='word_1_218' title='bbox 782 1863 794 1884; x_wconf 82' lang='lat'><strong>‚</strong></span> <span class='ocrx_word' id='word_1_219' title='bbox 811 1835 899 1873; x_wconf 73' lang='lat' dir='ltr'><strong>ciim</strong></span> <span class='ocrx_word' id='word_1_220' title='bbox 911 1862 921 1882; x_wconf 90' lang='lat'>‚</span> <span class='ocrx_word' id='word_1_221' title='bbox 940 1837 984 1874; x_wconf 84' lang='lat' dir='ltr'><strong>ut</strong></span> <span class='ocrx_word' id='word_1_222' title='bbox 1000 1833 1144 1874; x_wconf 87' lang='lat' dir='ltr'><strong>dictum</strong></span> <span class='ocrx_word' id='word_1_223' title='bbox 1171 1836 1233 1875; x_wconf 79' lang='lat' dir='ltr'><strong>est</strong></span> <span class='ocrx_word' id='word_1_224' title='bbox 1247 1859 1260 1882; x_wconf 87' lang='lat'>‚</span> <span class='ocrx_word' id='word_1_225' title='bbox 1278 1825 1325 1878; x_wconf 64' lang='grc' dir='ltr'><strong>Ϋ.</strong></span> <span class='ocrx_word' id='word_1_226' title='bbox 1343 1827 1398 1872; x_wconf 77' lang='lat'><strong>23</strong></span> <span class='ocrx_word' id='word_1_227' title='bbox 1413 1859 1426 1883; x_wconf 88' lang='lat'>,</span> 
     </span>
     <span class='ocr_line' id='line_1_29' title="bbox 110 1892 1282 1946; baseline -0.003 -8"><span class='ocrx_word' id='word_1_228' title='bbox 110 1894 341 1938; x_wconf 85' lang='lat' dir='ltr'><strong>Timotheus</strong></span> <span class='ocrx_word' id='word_1_229' title='bbox 360 1893 504 1936; x_wconf 85' lang='lat' dir='ltr'><strong>Romae</strong></span> <span class='ocrx_word' id='word_1_230' title='bbox 520 1900 608 1936; x_wconf 85' lang='lat' dir='ltr'><strong>tunc</strong></span> <span class='ocrx_word' id='word_1_231' title='bbox 625 1908 705 1935; x_wconf 90' lang='lat' dir='ltr'><strong>non</strong></span> <span class='ocrx_word' id='word_1_232' title='bbox 723 1902 848 1946; x_wconf 83' lang='lat' dir='ltr'><strong>esset,</strong></span> <span class='ocrx_word' id='word_1_233' title='bbox 868 1909 941 1936; x_wconf 90' lang='lat' dir='ltr'><strong>nec</strong></span> <span class='ocrx_word' id='word_1_234' title='bbox 969 1909 1056 1936; x_wconf 89' lang='lat' dir='ltr'><strong>cum</strong></span> <span class='ocrx_word' id='word_1_235' title='bbox 1074 1892 1126 1936; x_wconf 89' lang='lat' dir='ltr'><strong>D.</strong></span> <span class='ocrx_word' id='word_1_236' title='bbox 1143 1892 1282 1936; x_wconf 77' lang='lat' dir='ltr'><strong>Panto.</strong></span> 
     </span>
    </p>
   </div>
   <div class='ocr_carea' id='block_1_7' title="bbox 168 1958 908 2014">
    <p class='ocr_par' dir='ltr' id='par_1_15' title="bbox 168 1958 908 2014">
     <span class='ocr_line' id='line_1_30' title="bbox 168 1958 908 2014; baseline -0.001 -13"><span class='ocrx_word' id='word_1_237' title='bbox 168 1958 370 2002; x_wconf 86' lang='lat' dir='ltr'><strong>Dubitatur</strong></span> <span class='ocrx_word' id='word_1_238' title='bbox 389 1973 480 2012; x_wconf 85' lang='lat' dir='ltr'><strong>ergo</strong></span> <span class='ocrx_word' id='word_1_239' title='bbox 497 1973 565 2014; x_wconf 90' lang='lat' dir='ltr'><strong>per</strong></span> <span class='ocrx_word' id='word_1_240' title='bbox 582 1970 698 2013; x_wconf 88' lang='lat' dir='ltr'><strong>quem</strong></span> <span class='ocrx_word' id='word_1_241' title='bbox 717 1962 830 2001; x_wconf 88' lang='lat' dir='ltr'><strong>missa</strong></span> <span class='ocrx_word' id='word_1_242' title='bbox 846 1961 908 2000; x_wconf 88' lang='lat' dir='ltr'><strong>sit.</strong></span> 
     </span>
    </p>
   </div>
   <div class='ocr_carea' id='block_1_8' title="bbox 113 2065 1428 2187">
    <p class='ocr_par' dir='ltr' id='par_1_16' title="bbox 113 2065 1428 2187">
     <span class='ocr_line' id='line_1_31' title="bbox 113 2065 1428 2121; baseline -0.002 -10"><span class='ocrx_word' id='word_1_243' title='bbox 113 2068 368 2110; x_wconf 72' lang='lat' dir='ltr'><strong>corollarium</strong></span> <span class='ocrx_word' id='word_1_244' title='bbox 391 2069 578 2121; x_wconf 75' lang='lat' dir='ltr'><strong>pietatis,</strong></span> <span class='ocrx_word' id='word_1_245' title='bbox 612 2083 678 2108; x_wconf 81' lang='lat' dir='ltr'><strong>seu</strong></span> <span class='ocrx_word' id='word_1_246' title='bbox 705 2068 746 2108; x_wconf 83' lang='lat' dir='ltr'><strong>in</strong></span> <span class='ocrx_word' id='word_1_247' title='bbox 777 2067 851 2108; x_wconf 80' lang='lat' dir='ltr'><strong>hoc</strong></span> <span class='ocrx_word' id='word_1_248' title='bbox 877 2066 1017 2121; x_wconf 78' lang='lat' dir='ltr'><strong>Capite</strong></span> <span class='ocrx_word' id='word_1_249' title='bbox 1034 2065 1083 2109; x_wconf 77' lang='lat'><strong>13</strong></span> <span class='ocrx_word' id='word_1_250' title='bbox 1104 2097 1114 2119; x_wconf 86' lang='lat'>‚</span> <span class='ocrx_word' id='word_1_251' title='bbox 1157 2066 1215 2107; x_wconf 85' lang='lat' dir='ltr'><strong>ad</strong></span> <span class='ocrx_word' id='word_1_252' title='bbox 1239 2067 1428 2120; x_wconf 78' lang='lat' dir='ltr'><strong>pietatem</strong></span> 
     </span>
     <span class='ocr_line' id='line_1_32' title="bbox 296 2131 1278 2187; baseline -0.002 -14"><span class='ocrx_word' id='word_1_253' title='bbox 296 2133 472 2173; x_wconf 71' lang='lat' dir='ltr'><strong>maxime}</strong></span> <span class='ocrx_word' id='word_1_254' title='bbox 492 2132 668 2173; x_wconf 82' lang='lat' dir='ltr'><strong>notanda</strong></span> <span class='ocrx_word' id='word_1_255' title='bbox 681 2162 695 2182; x_wconf 89' lang='lat'>‚</span> <span class='ocrx_word' id='word_1_256' title='bbox 719 2139 758 2172; x_wconf 84' lang='lat' dir='ltr'><strong>et</strong></span> <span class='ocrx_word' id='word_1_257' title='bbox 773 2133 830 2174; x_wconf 82' lang='lat' dir='ltr'><strong>ad</strong></span> <span class='ocrx_word' id='word_1_258' title='bbox 842 2134 1004 2187; x_wconf 76' lang='lat' dir='ltr'><strong>praxim</strong></span> <span class='ocrx_word' id='word_1_259' title='bbox 1021 2131 1246 2185; x_wconf 80' lang='lat' dir='ltr'><strong>redigenda.</strong></span> <span class='ocrx_word' id='word_1_260' title='bbox 1275 2139 1278 2144; x_wconf 95' lang='grc'><strong>’</strong></span> 
     </span>
    </p>
   </div>
   <div class='ocr_carea' id='block_1_9' title="bbox 682 2252 877 2283">
    <p class='ocr_par' dir='ltr' id='par_1_17' title="bbox 682 2252 877 2283">
     <span class='ocr_line' id='line_1_33' title="bbox 682 2252 877 2283; baseline 0 -1"><span class='ocrx_word' id='word_1_261' title='bbox 682 2252 877 2283; x_wconf 75' lang='lat' dir='ltr'>PRIMUM.</span> 
     </span>
    </p>
   </div>
   <div class='ocr_carea' id='block_1_10' title="bbox 110 2307 1424 2463">
    <p class='ocr_par' dir='ltr' id='par_1_18' title="bbox 110 2307 1424 2463">
     <span class='ocr_line' id='line_1_34' title="bbox 110 2307 1115 2402; baseline 0.003 -19"><span class='ocrx_word' id='word_1_262' title='bbox 110 2307 440 2402; x_wconf 45' lang='lat' dir='ltr'><strong>Hebion-Anuli</strong></span> <span class='ocrx_word' id='word_1_263' title='bbox 461 2344 732 2384; x_wconf 80' lang='lat' dir='ltr'><strong>connubium·</strong></span> <span class='ocrx_word' id='word_1_264' title='bbox 716 2360 756 2384; x_wconf 88' lang='grc' dir='ltr'><strong>ιη</strong></span> <span class='ocrx_word' id='word_1_265' title='bbox 777 2344 985 2393; x_wconf 79' lang='lat' dir='ltr'><strong>omnibus,</strong></span> <span class='ocrx_word' id='word_1_266' title='bbox 1004 2337 1052 2386; x_wconf 63' lang='grc' dir='ltr'><strong>Ῡ.</strong></span> <span class='ocrx_word' id='word_1_267' title='bbox 1073 2342 1115 2393; x_wconf 98' lang='grc'><strong><em>4</em></strong></span> 
     </span>
     <span class='ocr_line' id='line_1_35' title="bbox 158 2405 1424 2463; baseline -0.002 -13"><span class='ocrx_word' id='word_1_268' title='bbox 158 2405 429 2451; x_wconf 84' lang='lat' dir='ltr'><strong>Recordentur</strong></span> <span class='ocrx_word' id='word_1_269' title='bbox 442 2409 631 2463; x_wconf 83' lang='lat' dir='ltr'><strong>conjugati</strong></span> <span class='ocrx_word' id='word_1_270' title='bbox 647 2406 892 2452; x_wconf 78' lang='lat' dir='ltr'><strong>connubium</strong></span> <span class='ocrx_word' id='word_1_271' title='bbox 905 2422 1087 2463; x_wconf 86' lang='lat' dir='ltr'><strong>magnum</strong></span> <span class='ocrx_word' id='word_1_272' title='bbox 1100 2421 1185 2451; x_wconf 86' lang='lat' dir='ltr'><strong>esse</strong></span> <span class='ocrx_word' id='word_1_273' title='bbox 1197 2418 1424 2450; x_wconf 83' lang='lat' dir='ltr'><strong>sacramen-</strong></span> 
     </span>
    </p>
   </div>
  </div>
 </body>
</html>
