1430 2658
369 136 552 186 mm
580 135 823 168 Exmstno.
854 124 954 180 Cap.
984 121 1068 168 IV.
1119 97 1121 99 ι
1311 139 1367 181 77

42 193 49 226 7
113 195 357 255 compagum
372 191 524 255 Quoque
546 214 598 240 ac
610 199 883 242 medullarum.

0 272 31 324 *¹
106 263 188 309 Per
205 265 293 309 hec
310 279 399 322 quae
419 272 506 309 sunt
529 267 570 307 in
595 279 755 320 corpore
785 279 866 306 non
889 272 976 307 sunt
1006 266 1137 307 intima
1155 295 1167 318 ,
1200 263 1367 319 intellige

52 332 170 373 animi
189 334 311 373 nostri
325 331 558 374 abditissima
577 331 697 372 oculis
714 328 857 372 Christi
876 338 1018 385 patere.

105 396 374 439 Eedtscretor.
390 394 463 439 Gr.
474 391 661 450 κριτίκος,
682 410 819 438 censor
832 427 844 448 ‚
864 396 903 437 id
920 402 978 438 est
996 427 1006 444 ‚
1028 400 1162 439 severe
1176 405 1214 440 et
1232 400 1368 440 exacte
1408 444 1410 448 ,

50 459 276 504 discernens
293 461 367 517 qud
386 463 600 504 intentione
613 493 624 511 ,
647 475 723 516 quo
743 461 822 503 fine
842 463 1052 514 cogitamus
1069 476 1113 503 ac
1135 462 1327 504 volumus.

105 525 156 577 Ῠ.
180 534 246 577 13.
266 535 320 576 Et
346 550 424 576 non
446 541 505 575 est
527 534 608 575 ulla
634 541 812 574 creatura
846 534 1062 575 invisibilis.
1086 531 1156 576 Gr.
1180 528 1363 586 ἀφαιρῗνς,

49 597 303 652 imppmens,
338 604 421 640 non
453 596 680 650 manifesta,
724 596 826 651 apud
859 611 950 638 eum
979 595 1079 638 nulla
1109 596 1198 638 latet
1229 596 1365 651 hypo-

48 675 169 706 crisis.

103 724 188 770 Sed
208 729 343 770 omm'a
369 729 475 770 nuda
506 735 544 768 cl
570 734 712 781 aperta
745 733 877 767 sunt...

101 791 293 848 Arbertum
314 794 396 848 plus
419 794 510 836 dicit
532 797 644 848 quarn
667 793 828 834 nudum.

101 859 263 905 Nudum
284 862 419 905 dicitur
437 862 541 916 quod
562 877 639 904 non
661 869 718 903 est
736 862 932 903 vestitum.

102 925 296 984 Apertum
318 934 413 972 vero
433 930 539 981 cujus
558 931 705 970 viscera
728 934 763 969 et
795 928 973 969 intestina
995 931 1141 980 patent.

102 991 223 1046 Quod
245 993 391 1036 nudum
407 1000 464 1036 est
485 993 638 1035 videtur
655 995 694 1034 in
714 991 939 1047 superficie3
968 990 1071 1045 quod
1099 995 1274 1043 apertum
1303 992 1365 1029 est

48 1055 202 1098 videtur
220 1059 261 1099 in
281 1056 489 1111 profundo.

99 1117 205 1162 Sicut
220 1119 259 1162 fii
279 1121 320 1162 in
339 1119 555 1174 pecudibus
573 1120 743 1160 mactatis
762 1117 824 1160 vel
847 1119 886 1159 in
907 1116 1132 1170 corporibus
1153 1113 1361 1165 humanis,

47 1198 131 1239 quae
148 1187 170 1226 ὲ
189 1183 365 1240 chirurgo
387 1185 623 1227 dissecantur
640 1186 870 1226 anatomice.

50 1257 57 1264 ’
100 1260 172 1301 Ad
191 1275 301 1315 quem
318 1291 388 1312 ,....
413 1260 453 1301 id
485 1267 568 1310 est,
595 1259 645 1301 de
665 1274 741 1314 quo
764 1259 966 1312 loquimur.
992 1255 1079 1311 Syr.
1110 1257 1170 1296 cui
1198 1253 1365 1296 reddunt

42 1325 241 1367 rationem.
260 1323 309 1367 D.
330 1322 633 1381 Chrysostomus
646 1355 656 1374 ‚
674 1324 734 1364 cui
752 1321 940 1364 reddituri
957 1333 1085 1362 sumus
1098 1326 1250 1360 actuum
1262 1331 1364 1359 nos-

41 1397 185 1432 trorum
203 1389 408 1442 rationem,
433 1390 472 1432 id
491 1397 574 1439 est,
596 1391 655 1430 cui
674 1386 831 1439 Verbo,
852 1394 1034 1442 tanquam
1053 1391 1185 1426 nostro
1207 1382 1324 1437 judici
1345 1414 1360 1436 ,

41 1455 239 1498 reddenda
264 1458 360 1498 ratio
377 1457 466 1498 fidei
485 1463 523 1498 et
544 1457 631 1496 vitae
649 1462 804 1496 nostrae.

96 1517 246 1576 Λόγος,
280 1537 360 1564 non
385 1536 605 1564 sermonem
628 1523 774 1562 tanturn
803 1519 1017 1574 significat,
1043 1518 1113 1560 sed
1146 1519 1261 1560 etiam
1292 1531 1361 1559 ra-

40 1587 201 1630 tionem.

257 1671 538 1702 OBSERVATto
571 1671 818 1701 mT'rEnALIs
849 1670 904 1699 Εἰ·
935 1669 1144 1699 moruus.

97 1761 383 1818 Metaphoricus
397 1773 457 1808 est
473 1773 574 1808 totus
589 1766 653 1808 hic
671 1780 798 1808 sermo
818 1797 828 1817 ‚
849 1765 920 1808 sed
934 1765 982 1806 ad
1001 1762 1182 1819 Apostoli
1198 1777 1359 1818 scopum

37 1831 267 1884 aptissimus.

94 1892 307 1950 Postquam
334 1899 438 1939 enim
458 1896 653 1940 Christum
668 1929 678 1948 .‚
703 1899 930 1954 prophetam
951 1898 1227 1952 doctoremque
1254 1910 1358 1937 nos-

35 1963 158 2009 trum,
188 1956 320 2014 Moysi
348 1959 606 2003 Hebraeorum
634 1961 781 2003 doctori
811 1969 848 2003 et
883 1960 1110 2016 prophetae,
1135 1958 1294 2000 contulit
1317 1965 1358 1999 et

38 2023 225 2093 praetulit;

92 2087 306 2148 Postquam
326 2102 364 2137 et
381 2098 555 2157 requiem
576 2095 756 2137 indicavit
777 2094 1088 2136 excellentiorem
1106 2123 1115 2143 ,
1139 2105 1253 2147 quam
1276 2091 1354 2132 suis

34 2151 210 2200 Christus
230 2161 428 2211 promisit,
453 2168 493 2202 et
510 2162 559 2202 ad
581 2175 692 2216 quam
714 2174 785 2201 nos
809 2161 971 2206 invitat;

89 2217 240 2274 Urgere
252 2223 385 2264 volens
402 2222 597 2267 Hebraeos
615 2224 867 2274 christianos
881 2223 974 2265 sed
962 2238 1004 2266 in
1022 2223 1099 2264 fide
1112 2221 1353 2271 vacillantes,

12 2284 80 2326 'ad
99 2291 421 2339 perseverantiam
444 2292 484 2331 in
505 2290 606 2333 fide:
633 2304 706 2339 ne,
729 2291 761 2330 si
785 2296 934 2344 patrum
952 2303 1106 2331 suorum
1125 2289 1202 2328 sint
1221 2287 1355 2328 imita·-

30 2354 135 2392 tores
148 2379 161 2401 ,
183 2353 223 2392 in
240 2353 365 2395 simile
384 2354 519 2395 cadant
538 2353 807 2396 incredulitatis
828 2353 1048 2408 exemplum
1061 2384 1072 2402 ,

87 2411 227 2456 Terret
247 2430 331 2468 eos,
353 2414 548 2459 Christum
564 2418 632 2460 illis
646 2417 837 2460 exhibens
850 2449 861 2470 ‚
880 2420 939 2461 cui
957 2418 1142 2460 reddituri
1157 2422 1244 2458 sunt
1260 2413 1351 2456 fidei

31 2489 113 2519 suae
130 2481 331 2524 rationem.
