1474 2658
133 68 219 126 ἂγε»
356 58 361 62 ’
441 77 572 110 rumix
601 77 758 110 nanim
786 79 845 112 na·
873 80 1135 116 vasonum

133 141 219 175 Post
247 143 437 185 egressum
462 140 508 174 D.
542 135 647 174 Pauli
674 136 717 181 in.
745 137 868 176 varios
898 150 1070 178 erroro·
1082 142 1245 193 dihpni‘
1278 149 1458 197 Μ

185 197 267 235 do?

134 261 180 292 D.
201 257 336 292 Paulus
351 257 398 293 ad
420 264 485 292 eos
502 255 633 292 scribit
649 255 814 304 priorem
833 258 1045 309 epistolam.

137 312 207 349 Ubi
221 317 258 349 et
270 313 446 360 quando.
437 312 454 338 ³
467 313 522 350 ΙΙ.
544 318 580 351 3.

131 371 175 405 D.
192 370 324 405 Pautus
340 370 542 406 secundam
556 371 604 407 ad
617 369 834 407 Corinthios
848 348 1214 420 scribitepistoran1‚
1232 377 1277 412 et
1287 374 1443 424 quidem

183 424 310 471 priore
331 424 608 471 benigniorem.
624 425 699 462 III.
724 424 771 462 In
789 425 981 475 principio
1002 426 1144 466 Praet'at.

136 478 226 523 Ubi,
246 478 425 525 quando.
416 479 431 502 ³
449 478 524 515 111.
544 491 598 515 vi.

134 533 299 582 Epistola
318 533 437 582 prima
451 534 499 570 ad
512 533 742 571 Corinnhios
756 545 798 571 ex
813 539 939 572 mente
951 535 999 574 D
1014 536 1118 573 Pauli
1136 532 1209 574 fuit
1225 516 1445 588 circularis,

179 603 247 628 seu
265 592 312 628 ad
331 604 461 628 omnes
478 591 734 640 Christianos,
752 595 967 643 specialiter
992 599 1117 632 tamen
1135 596 1188 633 ad
1207 595 1442 635 Corinthios.

134 657 310 748 Paulus5
283 711 370 748 veri:
389 713 600 759 Apostolus.
622 713 677 751 ΙΙ.
700 718 783 751 200.
1226 738 1232 744 -

133 768 267 804 Paulus
278 766 561 806 Corinthiorum
580 770 812 808 indubitatus
830 773 1044 820 Apostolus,
1066 770 1166 809 Ibid.
1221 766 1224 770 ’

129 824 212 861 Tria
231 825 332 862 itlius
345 826 446 874 apud
463 826 683 863 Corinthios
701 822 933 877 apostolatfis
954 830 1092 877 sigilla.

127 881 234 919 Fides
251 880 395 920 Christi
413 896 524 931 quam
544 895 612 932 per
629 884 732 922 Pauli
750 886 1060 934 praedicationem
1085 889 1328 933 receperunt.

121 931 238 988 Signa
259 946 294 979 et
311 943 482 991 prodigia
509 956 592 991 quae
612 944 651 980 in
672 944 760 981 sulci
784 945 1114 982 confirmationem
1134 946 1238 993 apud
1265 945 1352 981 illos
1367 957 1443 995 pa·-

182 999 307 1036 travit.

123 1053 287 1103 Spiritus
305 1057 423 1093 sancti
435 1057 654 1094 charismata
669 1069 751 1105 quae
770 1058 870 1105 apud
884 1070 946 1095 eos
962 1058 1028 1095 diu
1040 1031 1440 1096 emicarunt.11.2or.

125 1116 193 1150 Pei
209 1114 290 1150 h‘cc
308 1115 378 1151 tri1
397 1115 468 1164 ipsi
488 1115 677 1152 Corinthii
695 1120 800 1153 eraut
825 1115 931 1164 quasi
949 1116 1188 1164 signacutum
1207 1114 1444 1165 apostolatfis

179 1176 223 1209 D.
245 1172 364 1209 Pauli.
1022 1200 1030 1206 ›
1431 1222 1433 1225 .

125 1229 313 1267 Corinthii
339 1231 392 1268 sic
419 1232 575 1280 sigillati
605 1237 711 1269 erant
737 1233 844 1281 quasi
874 1236 1046 1281 patentes
1078 1231 1310 1281 apostolatiis
1333 1231 1441 1269 Pauli

179 1287 326 1325 litterae.
344 1289 444 1326 Ibid.

127 1345 347 1383 Schismatis
365 1346 646 1385 Corinthiorum
666 1349 772 1396 origo
787 1376 797 1394 ,
819 1359 885 1386 seu
904 1345 1063 1386 occasio.
1085 1347 1139 1386 Π.
1166 1353 1222 1386 19.
1242 1353 1302 1386 20.
1460 1364 1474 1382 x

126 1403 204 1441 Cur
216 1408 292 1441 tam
314 1404 449 1440 acriter
467 1405 506 1440 in
526 1406 621 1441 illud
640 1406 841 1443 invehatur
860 1405 1090 1454 Apostolus?
1107 1405 1208 1443 thid.

127 1466 264 1500 Omnes
283 1463 322 1499 in
336 1463 500 1499 Ecctcsia
520 1468 638 1500 sectas
657 1467 694 1500 et
708 1464 893 1500 factiones
907 1465 1070 1511 jugulat.
1091 1465 1145 1501 H..
1171 1468 1230 1501 21.
1249 1467 1317 1501 22..

64 1538 73 1554 x
128 1521 302 1567 Ejusdem
319 1521 528 1557 schismatis
547 1531 642 1557 verae
661 1524 794 1558 causae.
815 1520 870 1558 ΙΙ.
892 1524 952 1558 94.

127 1583 302 1615 Paternus
314 1583 358 1616 D.
379 1579 483 1615 Pauli
498 1579 537 1615 in
556 1578 777 1621 Corinthios
790 1578 963 1615 affectus.
981 1576 1038 1613 ΙΙ-
1051 1580 1111 1613 99.

129 1634 205 1672 Cur
223 1641 266 1672 D.
283 1638 417 1673 Paulus
432 1636 641 1674 Corinthiis
661 1636 829 1672 scribens
849 1639 924 1671 tam
941 1634 1077 1680 acriter
1091 1631 1285 1670 invehitur
1301 1632 1345 1671 in-
1358 1631 1438 1672 for-

177 1692 341 1728 nicarios
356 1692 373 1726 ?
389 1693 442 1729 ΙΙ.
470 1695 550 1728 140.

129 1748 334 1786 Corinthus
353 1751 439 1786 urbs
453 1754 532 1786 erat
548 1749 681 1785 veneri
698 1748 836 1785 dicata.
858 1747 958 1784 Ibid.

128 1805 276 1842 lbidem
297 1806 380 1842 vide
400 1807 516 1841 multa
538 1806 584 1842 de
603 1806 705 1842 iilius
718 1806 822 1842 urbis
839 1803 1095 1852 impudicitia.

128 1867 173 1901 D.
199 1865 332 1900 Paulus
351 1865 398 1900 ob
417 1863 660 1912 perfectiores
682 1863 923 1907 Corinthios,
943 1863 1073 1898 laudat
1089 1864 1205 1897 totam
1223 1870 1353 1897 eorum
1365 1864 1442 1898 Ec-

175 1921 348 1966 clesiam3
372 1921 507 1958 deinde
527 1922 575 1957 ob
590 1922 706 1957 matos
720 1920 901 1991 quosdarn
919 1923 1035 1955 totam
1048 1916 1294 1966 reprehendit
1306 1913 1441 1954 corath

178 1977 392 2013 Ecclesiam.
410 1977 449 2013 11
482 1981 538 2014 18.

311 2046 494 2079 CORONA
522 2045 717 2088 GLORIAE,
746 2041 834 2078 vide
856 2041 1019 2078 GLORI‘A
1046 2043 1247 2076 AETERNA.

78 2163 83 2167 .
131 2117 184 2151 Dc
198 2114 269 2151 hene
286 2125 384 2162 saepe
399 2116 655 2163 cogitandum.
670 2116 718 2155 V.
732 2119 820 2152 2151.
842 2120 927 2153 292.
948 2119 1033 2152 293.
1049 2118 1134 2152 301.

661 2203 668 2210 “
690 2205 879 2239 couPUs.

129 2266 335 2303 Christiani
354 2278 491 2314 corpus
510 2269 621 2304 debet
634 2278 712 2304 esse
731 2267 852 2304 hostia
869 2266 951 2305 viva
966 2294 977 2313 ,
998 2270 1076 2303 Deo
1093 2264 1276 2303 continue
1286 2264 1432 2303 oblata.

178 2323 211 2359 I.
235 2327 320 2360 322.
341 2327 379 2359 et
397 2335 474 2371 seq.
496 2324 594 2363 Vide
615 2323 766 2361 Hostia.

128 2381 245 2427 liujus
272 2379 447 2417 sacrificii
478 2381 682 2429 spiritualis
702 2381 786 2429 quis
815 2381 1008 2428 sacerdos,
1034 2382 1173 2427 altaro,
1203 2377 1333 2427 ignis?
1355 2381 1439 2417 ete..

175 2437 209 2474 I.
228 2441 312 2474 323.
