1474 2658
379 58 536 106 ῃφεκ
559 57 728 90 neuun
755 57 811 88 m·
839 55 1109 88 venzonum.
1296 39 1410 84 -503

0 90 6 97 Ι
64 120 240 173 §.grin-it
250 118 422 166 damnari
432 119 608 168 Paulus,
601 121 641 156 et
652 129 720 155 suo
733 129 803 156 nos
820 118 992 169 εξειιηιΙο
1005 117 1119 154 docet
1127 113 1407 156 damnationem

146 171 372 216 timere.11.'
393 181 479 215 230.

97 239 179 276 Boc
194 234 404 272 timendum
421 237 460 270 et
477 244 670 286 nunquam
688 231 827 269 nohis
815 245 856 269 m
869 231 941 269 hac
958 242 1000 268 re
1013 229 1299 268 blandiendum.
1314 228 1376 265 lh.

60 292 356 345 Dhipsaonei
372 291 511 340 gratias
529 291 641 327 etiam
660 291 769 328 valde
786 290 1012 327 timendum.
1030 289 1086 327 11.
1106 293 1195 326 231.

99 355 209 388 Hunc
230 351 406 388 timorem
427 361 497 386 nos
514 350 625 385 docet
643 353 680 385 et
693 347 892 384 confirmat
911 349 1123 396 exemplum
1146 351 1317 384 veterum
1332 348 1407 381 He-

148 408 334 445 limorum
347 435 358 453 ,
378 417 539 454 quorum
558 406 636 442 duo
653 405 802 442 tantiam
820 409 959 442 terram
981 405 1204 453 promissam
1233 406 1321 440 sunt
1346 401 1407 438 in-

149 464 284 512 gressi.
302 463 357 502 11.
379 468 465 502 2³0.
485 466 572 500 235.
595 466 680 500 240.
699 467 785 500 253.

616 549 883 583 TIMOTHEUS.

95 629 316 682 'Timotheus
333 631 434 668 unde
451 629 616 679 etquis?
634 629 686 668 V.
710 635 772 668 63.
793 630 834 666 in
849 630 1081 667 Praefatione.

58 697 70 703 ⁶
94 689 270 736 quondo,
290 690 479 737 quomodo
498 689 618 725 iactus
630 691 674 723 D.
696 688 798 723 Pauli
816 688 968 724 socius?
987 688 1082 724 ibid.

99 746 288 794 Quantiim
303 747 405 794 apud
415 750 559 782 tantum
580 746 771 781 doctorem
789 744 973 792 profecit!
994 745 1090 781 lbid.

97 799 184 837 Finit
207 804 253 837 D.
282 803 397 838 Paulo
418 801 627 849 unanimis,
655 802 762 850 quasi
786 802 961 838 eumdem
985 802 1150 837 animum
1170 800 1325 837 habens.
1349 798 1402 840 V.

149 862 211 894 63.
227 862 288 895 6⁴.

35 946 38 950 .
97 908 396 950 adtimotheum
403 912 480 960 jam
495 914 671 950 Ecclesiae
687 914 882 961 Ephesinae
893 914 1129 962 episcopum,
1152 914 1244 950 duas
1254 916 1299 949 D.
1313 916 1407 949 Pau·

146 969 208 1004 lus
224 970 375 1019 scripsit
391 972 570 1020 epistolas
582 999 592 1017 ‚
622 973 669 1008 de
686 973 824 1019 quibus
836 971 853 1006 ?
870 972 935 1007 ubi
953 977 991 1008 et
1010 970 1191 1020 quando?
1211 970 1263 1011 V.
1285 974 1347 1008 6⁴.
1368 975 1409 1007 ln

147 1027 384 1075 praet-tione.

98 1088 144 1122 D.
162 1086 299 1123 Paulus
312 1089 359 1124 ad
376 1088 609 1124 Timotheum
625 1089 793 1125 scribens
804 1116 814 1135 ,
834 1089 946 1124 verba
960 1100 1025 1125 sua
1042 1089 1089 1124 ad
1108 1099 1238 1124 omnes
1256 1086 1406 1136 episco-

146 1152 216 1189 pos
232 1146 271 1179 et
287 1145 461 1185 &clesiae
476 1144 668 1180 ministros
682 1146 830 1197 glirigit.
846 1144 900 1183 V.
922 1149 983 1182 65.

97 1203 170 1236 Has
185 1199 313 1248 itaque
327 1202 504 1250 epistolas
515 1204 643 1250 legant
653 1207 690 1238 et
704 1205 933 1239 meditentur
947 1202 1214 1250 ecclesiastici,
1226 1207 1404 1251 tanquam

146 1257 219 1293 sibi
231 1259 402 1307 scriptas.
419 1259 471 1299 V.
494 1263 553 1296 66.
578 1264 619 1294 ln
633 1259 710 1296 fine
728 1261 872 1308 praet'at.

95 1315 291 1351 Maximum
305 1318 491 1356 Timothei
510 1319 699 1366 elogium,
716 1319 821 1355 Pauli
838 1320 985 1367 collega
998 1324 1034 1356 ct
1051 1319 1293 1368 cooperarius
1313 1318 1400 1355 fuit.

145 1371 203 1408 11.
224 1375 311 1411 ⁴⁴2.

93 1430 141 1464 D.
156 1426 314 1476 Paulus,
333 1431 400 1478 qui
413 1431 511 1468 nihil
530 1444 598 1480 pro
616 1443 658 1469 se
674 1433 803 1478 timet,
827 1444 897 1480 pro
914 1433 1110 1470 Timotheo
1126 1434 1247 1470 timet.
1261 1433 1362 1470 Ibid.

92 1487 134 1523 S.
154 1487 290 1523 Paulus
305 1489 374 1524 tria
389 1500 458 1536 pro
475 1490 669 1526 Timotheo
687 1491 904 1526 Corinthios
919 1494 1039 1536 rogat.
1059 1490 1161 1526 Ibid.

93 1542 311 1580 Timotheus
331 1557 375 1582 ex
393 1547 623 1582 revelatione
643 1548 765 1583 sactus
782 1547 854 1583 fuit
871 1548 1103 1594 evangelista
1124 1552 1162 1585 et
1185 1550 1398 1598 episcopus.

63 1631 67 1635 ,
143 1600 197 1640 V.
220 1606 283 1640 87.

56 1686 59 1691 ¹
93 1659 221 1696 Brevis
233 1664 273 1696 et
284 1672 418 1708 magna
435 1663 516 1698 laus
532 1662 730 1701 Timothei.
749 1663 820 1703 IV.
843 1669 929 1702 236.

62 1747 66 1750 .
90 1716 309 1753 Timotheus
326 1729 395 1754 cur
418 1718 460 1754 in
483 1717 709 1756 salutatione
734 1722 912 1757 secundae
936 1721 1105 1770 epistolae
1123 1722 1171 1758 ad
1189 1722 1401 1761 Corinthios

142 1785 228 1810 cum
246 1776 358 1811 Paulo
375 1776 613 1823 conjunctus.
634 1777 711 1814 ΙΙΙ.
735 1784 792 1816 10.

91 1835 214 1877 Quare
225 1835 262 1868 S.
280 1835 414 1869 Paulus
428 1835 476 1871 ad
489 1836 726 1872 Timotheum
744 1836 933 1882 scribens,
955 1837 1079 1874 cinon
1101 1836 1247 1874 tantiim
1265 1849 1397 1886 pacem

141 1891 181 1923 et
193 1889 348 1935 gratiam
361 1919 371 1934 ,
384 1895 428 1927 ut
437 1894 533 1928 solet
545 1922 555 1938 ,
574 1898 819 1941 apprecatur-3
837 1895 904 1930 sed
917 1899 956 1930 et
970 1894 1280 1941 misericordiam,
1294 1897 1398 1944 pacis

139 1948 181 1980 et
194 1946 323 1991 gratiae
334 1947 504 1985 fontem?
527 1949 579 1988 V.
600 1957 660 1987 73.
688 1957 749 1987 74.
808 1955 810 1957 ’

90 2003 262 2037 secunda
282 2005 331 2039 ad
356 2006 591 2043 Timotheum
618 2009 778 2056 epistola
799 2010 939 2057 scripta
964 2010 1038 2047 fuit
1068 2012 1109 2047 in
1122 2011 1208 2061 jfine
1234 2012 1321 2049 vitae
1350 2014 1398 2050 ab

126 2061 332 2109 apostolo.
353 2062 406 2103 V.
427 2069 512 2102 298.
534 2070 620 2103 299.

89 2121 192 2154 Hanc
208 2119 426 2165 opinionem
450 2134 528 2159 non
555 2124 739 2173 destruit,
769 2126 844 2162 imo
871 2126 1069 2164 confirmat
1090 2123 1158 2173 fi.-
1167 2134 1224 2167 17.
1242 2141 1326 2179 cap.
1355 2133 1390 2166 4.

140 2175 306 2222 ejusdem
329 2179 512 2227 epistolae.
532 2180 584 2220 V.
610 2187 695 2221 307.
748 2188 756 2195 ‘

657 2269 799 2303 TITUS.

38 2381 67 2387 Ἴ
89 2345 128 2393 S.
149 2342 251 2378 Pauli
265 2342 379 2382 filius.
398 2348 546 2392 Quare?
567 2347 619 2387 V.
642 2355 726 2387 326.
750 2356 836 2390 327.

89 2400 317 2449 Episcopus,
333 2404 658 2456 archiepiscopus,
683 2410 821 2457 primas
840 2411 1039 2449 Cretensis.
1058 2412 1112 2454 V.
1136 2418 1221 2452 328.
