<?xml version="1.0" encoding="UTF-8"?>
<!DOCTYPE html PUBLIC "-//W3C//DTD XHTML 1.0 Transitional//EN"
    "http://www.w3.org/TR/xhtml1/DTD/xhtml1-transitional.dtd">
<html xmlns="http://www.w3.org/1999/xhtml" xml:lang="en" lang="en">
 <head>
  <title>
</title>
<meta http-equiv="Content-Type" content="text/html;charset=utf-8" />
  <meta name='ocr-system' content='tesseract 3.04.00' />
  <meta name='ocr-capabilities' content='ocr_page ocr_carea ocr_par ocr_line ocrx_word'/>
</head>
<body>
  <div class='ocr_page' id='page_1' title='image "./epistolaumbpauli06picq_0315.png"; bbox 0 0 1474 2658; ppageno 0'>
   <div class='ocr_carea' id='block_1_1' title="bbox 79 63 1460 1380">
    <p class='ocr_par' dir='ltr' id='par_1_1' title="bbox 375 63 1460 132">
     <span class='ocr_line' id='line_1_1' title="bbox 375 63 1460 132; baseline -0.001 -18"><span class='ocrx_word' id='word_1_1' title='bbox 375 76 832 122; x_wconf 59' lang='lat' dir='ltr'><strong>m‘nrosano.</strong></span> <span class='ocrx_word' id='word_1_2' title='bbox 873 67 982 124; x_wconf 72' lang='lat' dir='ltr'><strong>Gap.</strong></span> <span class='ocrx_word' id='word_1_3' title='bbox 1001 63 1160 112; x_wconf 86' lang='grc' dir='ltr'><em>Χ11.“</em></span> <span class='ocrx_word' id='word_1_4' title='bbox 1306 82 1393 130; x_wconf 77' lang='lat'><strong>²99</strong></span> <span class='ocrx_word' id='word_1_5' title='bbox 1453 127 1460 132; x_wconf 22' lang='grc' dir='ltr'>ι</span> 
     </span>
    </p>

    <p class='ocr_par' dir='ltr' id='par_1_2' title="bbox 79 139 1203 266">
     <span class='ocr_line' id='line_1_2' title="bbox 88 139 1203 201; baseline -0.002 -12.913"><span class='ocrx_word' id='word_1_6' title='bbox 88 140 249 198; x_wconf 87' lang='lat' dir='ltr'><strong>Quid</strong></span> <span class='ocrx_word' id='word_1_7' title='bbox 267 145 520 201; x_wconf 70' lang='lat' dir='ltr'><strong>contanpsit?</strong></span> <span class='ocrx_word' id='word_1_8' title='bbox 537 139 730 186; x_wconf 77' lang='lat' dir='ltr'><strong>Gaudium</strong></span> <span class='ocrx_word' id='word_1_9' title='bbox 745 173 758 196; x_wconf 92' lang='lat'>‚</span> <span class='ocrx_word' id='word_1_10' title='bbox 777 144 960 199; x_wconf 81' lang='lat' dir='ltr'><strong>gloriam,</strong></span> <span class='ocrx_word' id='word_1_11' title='bbox 983 157 1102 199; x_wconf 64' lang='lat' dir='ltr'><strong>opes,</strong></span> <span class='ocrx_word' id='word_1_12' title='bbox 1124 146 1203 186; x_wconf 81' lang='lat' dir='ltr'><strong>etc.</strong></span> 
     </span>
     <span class='ocr_line' id='line_1_3' title="bbox 79 205 742 266; baseline -0.002 -16"><span class='ocrx_word' id='word_1_13' title='bbox 79 211 90 242; x_wconf 69' lang='lat' dir='ltr'><strong>i</strong></span> <span class='ocrx_word' id='word_1_14' title='bbox 139 205 194 250; x_wconf 81' lang='lat' dir='ltr'><strong>Et</strong></span> <span class='ocrx_word' id='word_1_15' title='bbox 218 215 258 252; x_wconf 87' lang='lat' dir='ltr'><strong>tu</strong></span> <span class='ocrx_word' id='word_1_16' title='bbox 278 209 500 266; x_wconf 77' lang='lat' dir='ltr'><strong>temporalia</strong></span> <span class='ocrx_word' id='word_1_17' title='bbox 520 215 742 251; x_wconf 78' lang='lat' dir='ltr'><strong>contemne.</strong></span> 
     </span>
    </p>

    <p class='ocr_par' dir='ltr' id='par_1_3' title="bbox 141 274 1310 333">
     <span class='ocr_line' id='line_1_4' title="bbox 141 274 1310 333; baseline 0.001 -13"><span class='ocrx_word' id='word_1_18' title='bbox 141 275 249 330; x_wconf 83' lang='lat' dir='ltr'><strong>Quid</strong></span> <span class='ocrx_word' id='word_1_19' title='bbox 266 277 491 333; x_wconf 67' lang='lat' dir='ltr'><strong>sust&#39;mit?</strong></span> <span class='ocrx_word' id='word_1_20' title='bbox 501 274 665 320; x_wconf 83' lang='lat' dir='ltr'><strong>Crucem</strong></span> <span class='ocrx_word' id='word_1_21' title='bbox 679 307 691 328; x_wconf 87' lang='lat'><strong>‚</strong></span> <span class='ocrx_word' id='word_1_22' title='bbox 715 278 848 319; x_wconf 76' lang='lat' dir='ltr'><strong>mortis</strong></span> <span class='ocrx_word' id='word_1_23' title='bbox 867 284 1032 320; x_wconf 75' lang='lat' dir='ltr'><strong>cruentae</strong></span> <span class='ocrx_word' id='word_1_24' title='bbox 1049 278 1310 322; x_wconf 86' lang='lat' dir='ltr'><strong>acerbitatem.</strong></span> 
     </span>
    </p>

    <p class='ocr_par' dir='ltr' id='par_1_4' title="bbox 86 339 1399 589">
     <span class='ocr_line' id='line_1_5' title="bbox 142 339 1399 397; baseline 0.002 -13"><span class='ocrx_word' id='word_1_25' title='bbox 142 339 333 396; x_wconf 82' lang='lat' dir='ltr'>Compara</span> <span class='ocrx_word' id='word_1_26' title='bbox 359 343 597 397; x_wconf 82' lang='lat' dir='ltr'>passionem,</span> <span class='ocrx_word' id='word_1_27' title='bbox 631 356 861 397; x_wconf 85' lang='lat' dir='ltr'><strong>crucemque</strong></span> <span class='ocrx_word' id='word_1_28' title='bbox 899 348 1000 384; x_wconf 82' lang='lat' dir='ltr'><strong>tuam</strong></span> <span class='ocrx_word' id='word_1_29' title='bbox 1036 357 1123 384; x_wconf 89' lang='lat' dir='ltr'><strong>cum</strong></span> <span class='ocrx_word' id='word_1_30' title='bbox 1152 346 1331 397; x_wconf 76' lang='lat' dir='ltr'>passione</span> <span class='ocrx_word' id='word_1_31' title='bbox 1358 350 1399 387; x_wconf 77' lang='lat' dir='ltr'><strong>et</strong></span> 
     </span>
     <span class='ocr_line' id='line_1_6' title="bbox 86 403 1398 464; baseline 0.003 -16"><span class='ocrx_word' id='word_1_32' title='bbox 86 420 198 448; x_wconf 87' lang='lat' dir='ltr'><strong>cmce</strong></span> <span class='ocrx_word' id='word_1_33' title='bbox 213 403 377 459; x_wconf 81' lang='lat' dir='ltr'><strong>Christi,</strong></span> <span class='ocrx_word' id='word_1_34' title='bbox 395 414 434 450; x_wconf 83' lang='lat' dir='ltr'><strong>et</strong></span> <span class='ocrx_word' id='word_1_35' title='bbox 449 414 489 451; x_wconf 86' lang='lat' dir='ltr'><strong>te</strong></span> <span class='ocrx_word' id='word_1_36' title='bbox 506 407 665 464; x_wconf 84' lang='lat' dir='ltr'><strong>pudebit</strong></span> <span class='ocrx_word' id='word_1_37' title='bbox 682 415 759 450; x_wconf 87' lang='lat' dir='ltr'><strong>tam</strong></span> <span class='ocrx_word' id='word_1_38' title='bbox 778 407 877 450; x_wconf 84' lang='lat' dir='ltr'><strong>levia</strong></span> <span class='ocrx_word' id='word_1_39' title='bbox 895 411 1104 461; x_wconf 86' lang='lat' dir='ltr'><strong>patientem</strong></span> <span class='ocrx_word' id='word_1_40' title='bbox 1124 408 1287 451; x_wconf 86' lang='lat' dir='ltr'><strong>deficere</strong></span> <span class='ocrx_word' id='word_1_41' title='bbox 1302 412 1398 452; x_wconf 86' lang='lat' dir='ltr'><strong>aui-</strong></span> 
     </span>
     <span class='ocr_line' id='line_1_7' title="bbox 86 471 630 526; baseline 0.002 -14"><span class='ocrx_word' id='word_1_42' title='bbox 86 482 176 518; x_wconf 78' lang='lat' dir='ltr'><strong>mo,</strong></span> <span class='ocrx_word' id='word_1_43' title='bbox 198 471 370 512; x_wconf 73' lang='lat' dir='ltr'><strong>nondum</strong></span> <span class='ocrx_word' id='word_1_44' title='bbox 392 487 532 526; x_wconf 74' lang='lat' dir='ltr'><strong>usque,</strong></span> <span class='ocrx_word' id='word_1_45' title='bbox 555 480 630 514; x_wconf 82' lang='lat' dir='ltr'><strong>etc.</strong></span> 
     </span>
     <span class='ocr_line' id='line_1_8' title="bbox 101 531 1191 589; baseline 0.004 -14"><span class='ocrx_word' id='word_1_46' title='bbox 101 544 108 549; x_wconf 73' lang='grc'><em>·</em></span> <span class='ocrx_word' id='word_1_47' title='bbox 147 531 255 587; x_wconf 87' lang='lat' dir='ltr'><strong>Quid</strong></span> <span class='ocrx_word' id='word_1_48' title='bbox 275 536 506 589; x_wconf 74' lang='lat' dir='ltr'><strong>promeruit?</strong></span> <span class='ocrx_word' id='word_1_49' title='bbox 527 534 747 578; x_wconf 87' lang='lat' dir='ltr'><strong>Sessionem</strong></span> <span class='ocrx_word' id='word_1_50' title='bbox 771 535 818 576; x_wconf 91' lang='lat' dir='ltr'><strong>ad</strong></span> <span class='ocrx_word' id='word_1_51' title='bbox 837 535 1033 583; x_wconf 80' lang='lat' dir='ltr'><strong>dexteram</strong></span> <span class='ocrx_word' id='word_1_52' title='bbox 1053 533 1191 579; x_wconf 88' lang='lat' dir='ltr'><strong>Patris.</strong></span> 
     </span>
    </p>

    <p class='ocr_par' dir='ltr' id='par_1_5' title="bbox 90 596 1402 718">
     <span class='ocr_line' id='line_1_9' title="bbox 145 596 1402 656; baseline 0.002 -15"><span class='ocrx_word' id='word_1_53' title='bbox 145 596 187 641; x_wconf 80' lang='lat' dir='ltr'><strong>Si</strong></span> <span class='ocrx_word' id='word_1_54' title='bbox 213 607 251 642; x_wconf 88' lang='lat' dir='ltr'><strong>te</strong></span> <span class='ocrx_word' id='word_1_55' title='bbox 276 600 382 644; x_wconf 81' lang='lat' dir='ltr'><strong>labor</strong></span> <span class='ocrx_word' id='word_1_56' title='bbox 405 607 542 655; x_wconf 82' lang='lat' dir='ltr'><strong>terret,</strong></span> <span class='ocrx_word' id='word_1_57' title='bbox 564 616 713 644; x_wconf 86' lang='lat' dir='ltr'><strong>merces</strong></span> <span class='ocrx_word' id='word_1_58' title='bbox 733 604 884 643; x_wconf 78' lang='lat' dir='ltr'><strong>invitet.</strong></span> <span class='ocrx_word' id='word_1_59' title='bbox 910 598 952 642; x_wconf 88' lang='lat' dir='ltr'><strong>Si</strong></span> <span class='ocrx_word' id='word_1_60' title='bbox 974 602 1226 656; x_wconf 86' lang='lat' dir='ltr'><strong>compateris,</strong></span> <span class='ocrx_word' id='word_1_61' title='bbox 1246 607 1283 643; x_wconf 90' lang='lat' dir='ltr'><strong>et</strong></span> <span class='ocrx_word' id='word_1_62' title='bbox 1303 616 1402 644; x_wconf 89' lang='lat' dir='ltr'><strong>con-</strong></span> 
     </span>
     <span class='ocr_line' id='line_1_10' title="bbox 90 663 373 718; baseline 0.007 -12"><span class='ocrx_word' id='word_1_63' title='bbox 90 663 373 718; x_wconf 81' lang='lat' dir='ltr'><strong>glorificaberis.</strong></span> 
     </span>
    </p>

    <p class='ocr_par' dir='ltr' id='par_1_6' title="bbox 93 727 1405 842">
     <span class='ocr_line' id='line_1_11' title="bbox 148 727 1405 788; baseline 0.004 -16"><span class='ocrx_word' id='word_1_64' title='bbox 148 727 282 788; x_wconf 87' lang='lat' dir='ltr'><strong>Itaque</strong></span> <span class='ocrx_word' id='word_1_65' title='bbox 300 746 350 774; x_wconf 89' lang='lat' dir='ltr'><strong>ne</strong></span> <span class='ocrx_word' id='word_1_66' title='bbox 370 732 522 775; x_wconf 79' lang='lat' dir='ltr'><strong>deficias</strong></span> <span class='ocrx_word' id='word_1_67' title='bbox 539 735 578 775; x_wconf 90' lang='lat' dir='ltr'><strong>in</strong></span> <span class='ocrx_word' id='word_1_68' title='bbox 597 733 857 788; x_wconf 83' lang='lat' dir='ltr'><strong>passionibus,</strong></span> <span class='ocrx_word' id='word_1_69' title='bbox 876 734 1000 787; x_wconf 82' lang='lat' dir='ltr'><strong>cogita</strong></span> <span class='ocrx_word' id='word_1_70' title='bbox 1018 740 1057 775; x_wconf 88' lang='lat' dir='ltr'><strong>et</strong></span> <span class='ocrx_word' id='word_1_71' title='bbox 1076 735 1243 788; x_wconf 73' lang='lat' dir='ltr'><strong>recogita</strong></span> <span class='ocrx_word' id='word_1_72' title='bbox 1265 731 1405 777; x_wconf 86' lang='lat' dir='ltr'><strong>Chris-</strong></span> 
     </span>
     <span class='ocr_line' id='line_1_12' title="bbox 93 805 188 842; baseline -0.011 -1"><span class='ocrx_word' id='word_1_73' title='bbox 93 805 188 842; x_wconf 87' lang='lat' dir='ltr'><strong>tum.</strong></span> 
     </span>
    </p>

    <p class='ocr_par' dir='ltr' id='par_1_7' title="bbox 150 857 607 914">
     <span class='ocr_line' id='line_1_13' title="bbox 150 857 607 914; baseline 0.009 -13"><span class='ocrx_word' id='word_1_74' title='bbox 150 857 251 914; x_wconf 86' lang='lat' dir='ltr'><strong>Quis</strong></span> <span class='ocrx_word' id='word_1_75' title='bbox 271 860 363 903; x_wconf 79' lang='lat' dir='ltr'><strong>itte?</strong></span> <span class='ocrx_word' id='word_1_76' title='bbox 380 859 500 904; x_wconf 85' lang='lat' dir='ltr'><strong>Filius</strong></span> <span class='ocrx_word' id='word_1_77' title='bbox 520 861 607 906; x_wconf 80' lang='lat' dir='ltr'><strong>Dei.</strong></span> 
     </span>
    </p>

    <p class='ocr_par' dir='ltr' id='par_1_8' title="bbox 96 916 1340 983">
     <span class='ocr_line' id='line_1_14' title="bbox 96 916 1340 983; baseline 0.005 -16.281"><span class='ocrx_word' id='word_1_78' title='bbox 96 916 255 978; x_wconf 82' lang='lat' dir='ltr'><strong>·Quae</strong></span> <span class='ocrx_word' id='word_1_79' title='bbox 273 941 405 982; x_wconf 87' lang='lat' dir='ltr'><strong>passus</strong></span> <span class='ocrx_word' id='word_1_80' title='bbox 427 935 506 974; x_wconf 79' lang='lat' dir='ltr'><strong>est</strong></span> <span class='ocrx_word' id='word_1_81' title='bbox 498 929 516 951; x_wconf 73' lang='lat'><strong>⁹</strong></span> <span class='ocrx_word' id='word_1_82' title='bbox 536 926 757 978; x_wconf 84' lang='lat' dir='ltr'><strong>Cruciatus,</strong></span> <span class='ocrx_word' id='word_1_83' title='bbox 779 929 946 983; x_wconf 84' lang='lat' dir='ltr'><strong>probra,</strong></span> <span class='ocrx_word' id='word_1_84' title='bbox 965 937 1131 973; x_wconf 85' lang='lat' dir='ltr'><strong>mortem</strong></span> <span class='ocrx_word' id='word_1_85' title='bbox 1149 932 1340 973; x_wconf 84' lang='lat' dir='ltr'><strong>acerbam.</strong></span> 
     </span>
    </p>

    <p class='ocr_par' dir='ltr' id='par_1_9' title="bbox 96 988 1409 1115">
     <span class='ocr_line' id='line_1_15' title="bbox 153 988 1409 1051; baseline 0.003 -17"><span class='ocrx_word' id='word_1_86' title='bbox 153 988 401 1045; x_wconf 82' lang='lat' dir='ltr'><strong>Quomodo?</strong></span> <span class='ocrx_word' id='word_1_87' title='bbox 420 991 589 1047; x_wconf 73' lang='lat' dir='ltr'><strong>Libere,</strong></span> <span class='ocrx_word' id='word_1_88' title='bbox 611 995 849 1044; x_wconf 72' lang='lat' dir='ltr'><strong>voluntarie,</strong></span> <span class='ocrx_word' id='word_1_89' title='bbox 874 997 960 1050; x_wconf 85' lang='lat' dir='ltr'><strong>quia</strong></span> <span class='ocrx_word' id='word_1_90' title='bbox 985 996 1119 1038; x_wconf 84' lang='lat' dir='ltr'><strong>dilexit</strong></span> <span class='ocrx_word' id='word_1_91' title='bbox 1141 1011 1234 1050; x_wconf 90' lang='lat' dir='ltr'><strong>nos,</strong></span> <span class='ocrx_word' id='word_1_92' title='bbox 1260 1009 1409 1051; x_wconf 86' lang='lat' dir='ltr'><strong>propo-</strong></span> 
     </span>
     <span class='ocr_line' id='line_1_16' title="bbox 96 1060 891 1115; baseline 0 -11"><span class='ocrx_word' id='word_1_93' title='bbox 96 1062 169 1104; x_wconf 76' lang='lat' dir='ltr'><strong>sito</strong></span> <span class='ocrx_word' id='word_1_94' title='bbox 186 1061 261 1102; x_wconf 87' lang='lat' dir='ltr'><strong>sibi</strong></span> <span class='ocrx_word' id='word_1_95' title='bbox 285 1060 423 1114; x_wconf 82' lang='lat' dir='ltr'><strong>gaudio</strong></span> <span class='ocrx_word' id='word_1_96' title='bbox 440 1062 600 1115; x_wconf 83' lang='lat' dir='ltr'><strong>praetulit</strong></span> <span class='ocrx_word' id='word_1_97' title='bbox 618 1076 791 1115; x_wconf 83' lang='lat' dir='ltr'><strong>crucem,</strong></span> <span class='ocrx_word' id='word_1_98' title='bbox 816 1069 891 1105; x_wconf 87' lang='lat' dir='ltr'><strong>etc.</strong></span> 
     </span>
    </p>

    <p class='ocr_par' dir='ltr' id='par_1_10' title="bbox 154 1122 740 1181">
     <span class='ocr_line' id='line_1_17' title="bbox 154 1122 740 1181; baseline 0.003 -14"><span class='ocrx_word' id='word_1_99' title='bbox 154 1122 192 1167; x_wconf 89' lang='grc' dir='ltr'><strong>Λ</strong></span> <span class='ocrx_word' id='word_1_100' title='bbox 213 1126 381 1180; x_wconf 82' lang='lat' dir='ltr'><strong>quibus?</strong></span> <span class='ocrx_word' id='word_1_101' title='bbox 405 1122 444 1167; x_wconf 91' lang='lat' dir='ltr'>A</span> <span class='ocrx_word' id='word_1_102' title='bbox 465 1129 740 1181; x_wconf 83' lang='lat' dir='ltr'><strong>peccatoribus.</strong></span> 
     </span>
    </p>

    <p class='ocr_par' dir='ltr' id='par_1_11' title="bbox 99 1185 1415 1310">
     <span class='ocr_line' id='line_1_18' title="bbox 155 1185 1415 1249; baseline 0.004 -20"><span class='ocrx_word' id='word_1_103' title='bbox 155 1185 237 1229; x_wconf 84' lang='lat' dir='ltr'><strong>Pro</strong></span> <span class='ocrx_word' id='word_1_104' title='bbox 251 1190 388 1242; x_wconf 88' lang='lat' dir='ltr'><strong>quibus</strong></span> <span class='ocrx_word' id='word_1_105' title='bbox 402 1192 638 1245; x_wconf 86' lang='lat' dir='ltr'><strong>patiebatur?</strong></span> <span class='ocrx_word' id='word_1_106' title='bbox 655 1188 733 1233; x_wconf 82' lang='lat' dir='ltr'><strong>Pro</strong></span> <span class='ocrx_word' id='word_1_107' title='bbox 748 1193 858 1234; x_wconf 88' lang='lat' dir='ltr'><strong>nobis</strong></span> <span class='ocrx_word' id='word_1_108' title='bbox 873 1194 1066 1245; x_wconf 88' lang='lat' dir='ltr'><strong>omnibus,</strong></span> <span class='ocrx_word' id='word_1_109' title='bbox 1082 1200 1119 1236; x_wconf 87' lang='lat' dir='ltr'><strong>et</strong></span> <span class='ocrx_word' id='word_1_110' title='bbox 1134 1198 1415 1249; x_wconf 80' lang='lat' dir='ltr'><strong>consequenter</strong></span> 
     </span>
     <span class='ocr_line' id='line_1_19' title="bbox 99 1260 242 1310; baseline -0.021 -14"><span class='ocrx_word' id='word_1_111' title='bbox 99 1267 169 1310; x_wconf 89' lang='lat' dir='ltr'><strong>pro</strong></span> <span class='ocrx_word' id='word_1_112' title='bbox 188 1260 242 1296; x_wconf 87' lang='lat' dir='ltr'><strong>te.</strong></span> 
     </span>
    </p>

    <p class='ocr_par' dir='ltr' id='par_1_12' title="bbox 158 1319 1218 1380">
     <span class='ocr_line' id='line_1_20' title="bbox 158 1319 1218 1380; baseline 0.003 -16"><span class='ocrx_word' id='word_1_113' title='bbox 158 1319 262 1364; x_wconf 81' lang='lat' dir='ltr'><strong>Haec</strong></span> <span class='ocrx_word' id='word_1_114' title='bbox 281 1321 350 1364; x_wconf 85' lang='lat' dir='ltr'><strong>tibi</strong></span> <span class='ocrx_word' id='word_1_115' title='bbox 366 1323 470 1366; x_wconf 84' lang='lat' dir='ltr'><strong>bene</strong></span> <span class='ocrx_word' id='word_1_116' title='bbox 485 1324 665 1378; x_wconf 82' lang='lat' dir='ltr'><strong>cogitanti</strong></span> <span class='ocrx_word' id='word_1_117' title='bbox 685 1323 776 1378; x_wconf 90' lang='lat' dir='ltr'><strong>quid</strong></span> <span class='ocrx_word' id='word_1_118' title='bbox 794 1323 931 1365; x_wconf 89' lang='lat' dir='ltr'><strong>durum</strong></span> <span class='ocrx_word' id='word_1_119' title='bbox 949 1337 1036 1367; x_wconf 87' lang='lat' dir='ltr'><strong>esse</strong></span> <span class='ocrx_word' id='word_1_120' title='bbox 1052 1325 1218 1380; x_wconf 85' lang='lat' dir='ltr'><strong>poterit?</strong></span> 
     </span>
    </p>
   </div>
   <div class='ocr_carea' id='block_1_2' title="bbox 671 1426 847 1465">
    <p class='ocr_par' dir='ltr' id='par_1_13' title="bbox 671 1426 847 1465">
     <span class='ocr_line' id='line_1_21' title="bbox 671 1426 847 1465; baseline 0 -1"><span class='ocrx_word' id='word_1_121' title='bbox 671 1426 847 1465; x_wconf 74' lang='grc' dir='ltr'><strong>τΕιιΤιὸ.</strong></span> 
     </span>
    </p>
   </div>
   <div class='ocr_carea' id='block_1_3' title="bbox 82 1515 1438 2228">
    <p class='ocr_par' dir='ltr' id='par_1_14' title="bbox 105 1515 1420 1703">
     <span class='ocr_line' id='line_1_22' title="bbox 113 1515 1420 1579; baseline -0.002 -17"><span class='ocrx_word' id='word_1_122' title='bbox 113 1576 116 1579; x_wconf 25' lang='lat'><strong>¹</strong></span> <span class='ocrx_word' id='word_1_123' title='bbox 161 1515 210 1562; x_wconf 87' lang='lat' dir='ltr'><strong>In</strong></span> <span class='ocrx_word' id='word_1_124' title='bbox 235 1521 476 1574; x_wconf 79' lang='lat' dir='ltr'><strong>passionibus</strong></span> <span class='ocrx_word' id='word_1_125' title='bbox 501 1521 704 1564; x_wconf 85' lang='lat' dir='ltr'><strong>recordare</strong></span> <span class='ocrx_word' id='word_1_126' title='bbox 731 1520 875 1562; x_wconf 87' lang='lat' dir='ltr'><strong>divinae</strong></span> <span class='ocrx_word' id='word_1_127' title='bbox 903 1520 1017 1571; x_wconf 76' lang='lat' dir='ltr'><strong>huius</strong></span> <span class='ocrx_word' id='word_1_128' title='bbox 1043 1519 1340 1572; x_wconf 62' lang='lat' dir='ltr'><strong>consolationis,</strong></span> <span class='ocrx_word' id='word_1_129' title='bbox 1369 1518 1420 1560; x_wconf 88' lang='lat' dir='ltr'><strong>de</strong></span> 
     </span>
     <span class='ocr_line' id='line_1_23' title="bbox 105 1581 758 1641; baseline -0.003 -14"><span class='ocrx_word' id='word_1_130' title='bbox 105 1582 180 1639; x_wconf 53' lang='lat' dir='ltr'><strong>qud</strong></span> <span class='ocrx_word' id='word_1_131' title='bbox 196 1581 243 1630; x_wconf 69' lang='lat'><strong>†.</strong></span> <span class='ocrx_word' id='word_1_132' title='bbox 268 1584 311 1636; x_wconf 87' lang='lat'><strong>5,</strong></span> <span class='ocrx_word' id='word_1_133' title='bbox 333 1582 376 1636; x_wconf 87' lang='grc'>6,</span> <span class='ocrx_word' id='word_1_134' title='bbox 398 1600 440 1638; x_wconf 87' lang='grc'>7,</span> <span class='ocrx_word' id='word_1_135' title='bbox 467 1584 508 1636; x_wconf 92' lang='grc'>8,</span> <span class='ocrx_word' id='word_1_136' title='bbox 526 1601 567 1641; x_wconf 75' lang='grc' dir='ltr'><strong>ς),</strong></span> <span class='ocrx_word' id='word_1_137' title='bbox 597 1601 666 1636; x_wconf 88' lang='lat'><strong>10,</strong></span> <span class='ocrx_word' id='word_1_138' title='bbox 691 1599 758 1626; x_wconf 84' lang='lat'><strong>11.</strong></span> 
     </span>
     <span class='ocr_line' id='line_1_24' title="bbox 116 1647 1134 1703; baseline -0.004 -12"><span class='ocrx_word' id='word_1_139' title='bbox 116 1690 120 1693; x_wconf 4' lang='lat' dir='ltr'><strong>a</strong></span> <span class='ocrx_word' id='word_1_140' title='bbox 163 1647 274 1691; x_wconf 88' lang='lat' dir='ltr'><strong>Deus</strong></span> <span class='ocrx_word' id='word_1_141' title='bbox 295 1663 367 1691; x_wconf 91' lang='lat' dir='ltr'><strong>nos</strong></span> <span class='ocrx_word' id='word_1_142' title='bbox 388 1651 572 1703; x_wconf 76' lang='lat' dir='ltr'><strong>castigans</strong></span> <span class='ocrx_word' id='word_1_143' title='bbox 588 1680 600 1699; x_wconf 88' lang='lat'><strong>,</strong></span> <span class='ocrx_word' id='word_1_144' title='bbox 627 1656 686 1690; x_wconf 84' lang='lat' dir='ltr'><strong>est</strong></span> <span class='ocrx_word' id='word_1_145' title='bbox 709 1649 815 1703; x_wconf 69' lang='lat' dir='ltr'><strong>pater</strong></span> <span class='ocrx_word' id='word_1_146' title='bbox 834 1647 1134 1695; x_wconf 76' lang='lat' dir='ltr'><strong>amantissimus3</strong></span> 
     </span>
    </p>

    <p class='ocr_par' dir='ltr' id='par_1_15' title="bbox 163 1711 1010 1768">
     <span class='ocr_line' id='line_1_25' title="bbox 163 1711 1010 1768; baseline -0.005 -12"><span class='ocrx_word' id='word_1_147' title='bbox 163 1711 349 1768; x_wconf 77' lang='lat' dir='ltr'><strong>Magister</strong></span> <span class='ocrx_word' id='word_1_148' title='bbox 363 1717 485 1756; x_wconf 85' lang='lat' dir='ltr'><strong>nostri</strong></span> <span class='ocrx_word' id='word_1_149' title='bbox 506 1713 699 1768; x_wconf 70' lang='lat' dir='ltr'><strong>profectus</strong></span> <span class='ocrx_word' id='word_1_150' title='bbox 719 1712 1010 1755; x_wconf 63' lang='lat' dir='ltr'><strong>zeiantissimus.</strong></span> 
     </span>
    </p>

    <p class='ocr_par' dir='ltr' id='par_1_16' title="bbox 108 1776 1431 2093">
     <span class='ocr_line' id='line_1_26' title="bbox 165 1776 1431 1836; baseline -0.003 -14"><span class='ocrx_word' id='word_1_151' title='bbox 165 1776 254 1822; x_wconf 89' lang='lat' dir='ltr'><strong>Nos</strong></span> <span class='ocrx_word' id='word_1_152' title='bbox 270 1779 400 1834; x_wconf 84' lang='lat' dir='ltr'><strong>fingit,</strong></span> <span class='ocrx_word' id='word_1_153' title='bbox 418 1780 563 1831; x_wconf 85' lang='lat' dir='ltr'><strong>erudit,</strong></span> <span class='ocrx_word' id='word_1_154' title='bbox 587 1779 759 1836; x_wconf 86' lang='lat' dir='ltr'><strong>perficit,</strong></span> <span class='ocrx_word' id='word_1_155' title='bbox 776 1784 819 1820; x_wconf 77' lang='lat' dir='ltr'><strong>ut</strong></span> <span class='ocrx_word' id='word_1_156' title='bbox 835 1779 953 1818; x_wconf 88' lang='lat' dir='ltr'><strong>simus</strong></span> <span class='ocrx_word' id='word_1_157' title='bbox 971 1776 1036 1818; x_wconf 85' lang='lat' dir='ltr'><strong>filii</strong></span> <span class='ocrx_word' id='word_1_158' title='bbox 1051 1776 1192 1828; x_wconf 84' lang='lat' dir='ltr'><strong>sancti,</strong></span> <span class='ocrx_word' id='word_1_159' title='bbox 1212 1778 1317 1831; x_wconf 88' lang='lat' dir='ltr'><strong>puri,</strong></span> <span class='ocrx_word' id='word_1_160' title='bbox 1337 1791 1431 1831; x_wconf 86' lang='lat' dir='ltr'><strong>per-</strong></span> 
     </span>
     <span class='ocr_line' id='line_1_27' title="bbox 108 1843 1427 1903; baseline -0.003 -14"><span class='ocrx_word' id='word_1_161' title='bbox 108 1843 216 1896; x_wconf 74' lang='lat' dir='ltr'><strong>fecti,</strong></span> <span class='ocrx_word' id='word_1_162' title='bbox 231 1849 327 1888; x_wconf 87' lang='lat' dir='ltr'><strong>sicut</strong></span> <span class='ocrx_word' id='word_1_163' title='bbox 342 1848 425 1901; x_wconf 86' lang='lat' dir='ltr'><strong>ipse</strong></span> <span class='ocrx_word' id='word_1_164' title='bbox 440 1854 592 1889; x_wconf 86' lang='lat' dir='ltr'><strong>sanctus</strong></span> <span class='ocrx_word' id='word_1_165' title='bbox 604 1879 616 1899; x_wconf 93' lang='lat'><strong>,</strong></span> <span class='ocrx_word' id='word_1_166' title='bbox 635 1861 750 1903; x_wconf 89' lang='lat' dir='ltr'><strong>purus</strong></span> <span class='ocrx_word' id='word_1_167' title='bbox 764 1877 777 1898; x_wconf 95' lang='lat'><strong>,</strong></span> <span class='ocrx_word' id='word_1_168' title='bbox 795 1843 985 1900; x_wconf 74' lang='lat' dir='ltr'><strong>perfectus</strong></span> <span class='ocrx_word' id='word_1_169' title='bbox 1000 1852 1072 1895; x_wconf 85' lang='lat' dir='ltr'><strong>est,</strong></span> <span class='ocrx_word' id='word_1_170' title='bbox 1090 1849 1131 1884; x_wconf 92' lang='lat' dir='ltr'><strong>ut</strong></span> <span class='ocrx_word' id='word_1_171' title='bbox 1145 1845 1262 1885; x_wconf 87' lang='lat' dir='ltr'><strong>simus</strong></span> <span class='ocrx_word' id='word_1_172' title='bbox 1277 1850 1427 1886; x_wconf 80' lang='lat' dir='ltr'><strong>aeternae</strong></span> 
     </span>
     <span class='ocr_line' id='line_1_28' title="bbox 110 1904 1144 1955; baseline 0.002 -1"><span class='ocrx_word' id='word_1_173' title='bbox 110 1911 208 1954; x_wconf 83' lang='lat' dir='ltr'><strong>illius</strong></span> <span class='ocrx_word' id='word_1_174' title='bbox 223 1911 412 1954; x_wconf 78' lang='lat' dir='ltr'><strong>felicitatis</strong></span> <span class='ocrx_word' id='word_1_175' title='bbox 427 1920 642 1955; x_wconf 79' lang='lat' dir='ltr'><strong>consortes.</strong></span> <span class='ocrx_word' id='word_1_176' title='bbox 1141 1904 1144 1905; x_wconf 31' lang='lat'><em>⁷</em></span> 
     </span>
     <span class='ocr_line' id='line_1_29' title="bbox 110 1967 1428 2032; baseline -0.003 -14"><span class='ocrx_word' id='word_1_177' title='bbox 110 1990 113 1994; x_wconf 91' lang='lat'>·</span> <span class='ocrx_word' id='word_1_178' title='bbox 172 1973 274 2018; x_wconf 85' lang='lat' dir='ltr'><strong>Vide</strong></span> <span class='ocrx_word' id='word_1_179' title='bbox 288 1967 456 2032; x_wconf 77' lang='lat' dir='ltr'><strong>quinque</strong></span> <span class='ocrx_word' id='word_1_180' title='bbox 467 1977 738 2020; x_wconf 79' lang='lat' dir='ltr'><strong>consolationis</strong></span> <span class='ocrx_word' id='word_1_181' title='bbox 753 1978 919 2017; x_wconf 86' lang='lat' dir='ltr'><strong>rationes</strong></span> <span class='ocrx_word' id='word_1_182' title='bbox 933 1976 973 2015; x_wconf 87' lang='lat' dir='ltr'><strong>in</strong></span> <span class='ocrx_word' id='word_1_183' title='bbox 989 1972 1257 2015; x_wconf 80' lang='lat' dir='ltr'><strong>afflictionibus</strong></span> <span class='ocrx_word' id='word_1_184' title='bbox 1271 1985 1322 2013; x_wconf 85' lang='lat' dir='ltr'><strong>ex</strong></span> <span class='ocrx_word' id='word_1_185' title='bbox 1335 1971 1428 2014; x_wconf 89' lang='lat' dir='ltr'><strong>divo</strong></span> 
     </span>
     <span class='ocr_line' id='line_1_30' title="bbox 116 2034 838 2093; baseline -0.003 -9"><span class='ocrx_word' id='word_1_186' title='bbox 116 2039 239 2084; x_wconf 69' lang='lat' dir='ltr'><strong>Paulo</strong></span> <span class='ocrx_word' id='word_1_187' title='bbox 257 2041 431 2083; x_wconf 75' lang='lat' dir='ltr'><strong>collectas</strong></span> <span class='ocrx_word' id='word_1_188' title='bbox 445 2074 456 2093; x_wconf 96' lang='lat'><strong>,</strong></span> <span class='ocrx_word' id='word_1_189' title='bbox 475 2045 514 2084; x_wconf 90' lang='lat' dir='ltr'><strong>in</strong></span> <span class='ocrx_word' id='word_1_190' title='bbox 538 2057 696 2091; x_wconf 75' lang='lat' dir='ltr'><strong>comm,</strong></span> <span class='ocrx_word' id='word_1_191' title='bbox 724 2034 772 2083; x_wconf 62' lang='grc' dir='ltr'><strong>Ῠ.</strong></span> <span class='ocrx_word' id='word_1_192' title='bbox 797 2040 838 2082; x_wconf 90' lang='grc'><strong>8.</strong></span> 
     </span>
    </p>

    <p class='ocr_par' dir='ltr' id='par_1_17' title="bbox 177 2105 1438 2164">
     <span class='ocr_line' id='line_1_31' title="bbox 177 2105 1438 2164; baseline -0.003 -13"><span class='ocrx_word' id='word_1_193' title='bbox 177 2107 363 2164; x_wconf 85' lang='lat' dir='ltr'><strong>Hiucque</strong></span> <span class='ocrx_word' id='word_1_194' title='bbox 380 2109 485 2151; x_wconf 87' lang='lat' dir='ltr'><strong>disce</strong></span> <span class='ocrx_word' id='word_1_195' title='bbox 502 2124 582 2151; x_wconf 91' lang='lat' dir='ltr'><strong>non</strong></span> <span class='ocrx_word' id='word_1_196' title='bbox 601 2109 813 2152; x_wconf 69' lang='lat' dir='ltr'><strong>secundom</strong></span> <span class='ocrx_word' id='word_1_197' title='bbox 830 2121 986 2149; x_wconf 83' lang='lat' dir='ltr'><strong>sensum</strong></span> <span class='ocrx_word' id='word_1_198' title='bbox 1005 2106 1055 2149; x_wconf 87' lang='lat' dir='ltr'><strong>de</strong></span> <span class='ocrx_word' id='word_1_199' title='bbox 1074 2106 1314 2161; x_wconf 82' lang='lat' dir='ltr'><strong>passionibus</strong></span> <span class='ocrx_word' id='word_1_200' title='bbox 1331 2105 1438 2159; x_wconf 81' lang='lat' dir='ltr'><strong>judi-</strong></span> 
     </span>
    </p>

    <p class='ocr_par' dir='ltr' id='par_1_18' title="bbox 82 2175 703 2228">
     <span class='ocr_line' id='line_1_32' title="bbox 82 2175 703 2228; baseline -0.003 -10"><span class='ocrx_word' id='word_1_201' title='bbox 82 2207 88 2213; x_wconf 82' lang='lat'>.</span> <span class='ocrx_word' id='word_1_202' title='bbox 121 2191 207 2219; x_wconf 88' lang='lat' dir='ltr'><strong>care</strong></span> <span class='ocrx_word' id='word_1_203' title='bbox 221 2207 232 2228; x_wconf 89' lang='lat'><strong>,</strong></span> <span class='ocrx_word' id='word_1_204' title='bbox 252 2176 322 2218; x_wconf 83' lang='lat' dir='ltr'><strong>sed</strong></span> <span class='ocrx_word' id='word_1_205' title='bbox 340 2175 553 2217; x_wconf 72' lang='lat' dir='ltr'><strong>secundum</strong></span> <span class='ocrx_word' id='word_1_206' title='bbox 570 2175 703 2217; x_wconf 83' lang='lat' dir='ltr'><strong>fidem.</strong></span> 
     </span>
    </p>
   </div>
   <div class='ocr_carea' id='block_1_4' title="bbox 687 2271 880 2320">
    <p class='ocr_par' dir='ltr' id='par_1_19' title="bbox 687 2271 880 2320">
     <span class='ocr_line' id='line_1_33' title="bbox 687 2271 880 2320; baseline 0 -10"><span class='ocrx_word' id='word_1_207' title='bbox 687 2271 880 2320; x_wconf 73' lang='lat' dir='ltr'><strong>QnAn‘rb.</strong></span> 
     </span>
    </p>
   </div>
   <div class='ocr_carea' id='block_1_5' title="bbox 129 2359 1435 2489">
    <p class='ocr_par' dir='ltr' id='par_1_20' title="bbox 129 2359 1435 2489">
     <span class='ocr_line' id='line_1_34' title="bbox 185 2359 1435 2422; baseline -0.01 -9"><span class='ocrx_word' id='word_1_208' title='bbox 185 2369 367 2413; x_wconf 83' lang='lat' dir='ltr'><strong>Observa</strong></span> <span class='ocrx_word' id='word_1_209' title='bbox 394 2375 504 2411; x_wconf 84' lang='lat' dir='ltr'><strong>notas</strong></span> <span class='ocrx_word' id='word_1_210' title='bbox 532 2374 571 2410; x_wconf 87' lang='lat' dir='ltr'><strong>et</strong></span> <span class='ocrx_word' id='word_1_211' title='bbox 598 2367 848 2422; x_wconf 81' lang='lat' dir='ltr'><strong>proprietates</strong></span> <span class='ocrx_word' id='word_1_212' title='bbox 874 2359 1060 2405; x_wconf 68' lang='lat' dir='ltr'><strong>Ecclesia!</strong></span> <span class='ocrx_word' id='word_1_213' title='bbox 1086 2362 1128 2402; x_wconf 85' lang='lat' dir='ltr'><strong>iu</strong></span> <span class='ocrx_word' id='word_1_214' title='bbox 1155 2360 1330 2402; x_wconf 82' lang='lat' dir='ltr'><strong>versibus</strong></span> <span class='ocrx_word' id='word_1_215' title='bbox 1357 2368 1435 2410; x_wconf 80' lang='lat'><strong>22,</strong></span> 
     </span>
     <span class='ocr_line' id='line_1_35' title="bbox 129 2434 299 2489; baseline 0 -11"><span class='ocrx_word' id='word_1_216' title='bbox 129 2434 207 2489; x_wconf 81' lang='lat'><strong>23,</strong></span> <span class='ocrx_word' id='word_1_217' title='bbox 231 2435 299 2486; x_wconf 74' lang='grc'><strong>24.</strong></span> 
     </span>
    </p>
   </div>
  </div>
 </body>
</html>
