1474 2658
113 74 198 124 350
387 58 553 115 'mnsx
582 80 736 113 nnuma
763 81 819 111 m·
849 79 1135 121 vannonmo,
1198 98 1205 107 .

110 146 206 183 Hinc
223 146 347 191 imago
364 141 540 180 crucifixi
558 140 700 188 ubique
718 138 828 176 nobis
844 137 1097 189 proponitur,
1114 141 1157 182 ut
1168 138 1217 181 {b
1231 144 1305 186 ἔα,
1321 140 1433 188 quasi

160 203 248 239 vitae
264 200 392 248 fonte,
411 200 528 237 vitam
544 195 764 236 hauriamus
781 197 879 242 fide,
898 208 988 245 spe,
1023 197 1223 250 charitate.
1241 197 1322 236 111.
1326 201 1429 238 401.

109 258 237 302 Fidei,
256 257 360 306 spei,
380 255 576 294 charitatis
594 260 721 292 motus
745 255 823 292 sint
839 254 881 290 in
903 254 1014 290 nobis
1031 254 1229 300 continui,
1247 255 1300 293 ad·
1314 254 1431 294 vitam

159 315 312 359 animae;
339 314 438 351 sicut
458 315 507 350 ad
527 314 643 351 vitam
663 313 833 362 corporis
851 312 1027 352 continui
1048 315 1138 358 sunt
1152 316 1286 356 motus}
1302 314 1431 353 cordis

158 370 227 419 qui
244 370 385 418 systole
398 373 437 406 et
454 369 614 406 diastole
633 369 826 406 dicuntur.
854 367 956 406 Ibid.

111 431 283 474 Christus
298 431 464 467 moriens
481 429 614 478 figuiis
631 429 746 468 finem
762 430 965 479 imposuit,
986 428 1076 467 hinc
1092 433 1131 466 et
1146 430 1225 479 legi
1242 432 1428 474 mosaicae.

159 489 344 526 111.341.

109 547 279 584 Christus
296 547 501 596 dupliciter
519 547 779 584 consideratus
793 573 806 593 ‚
827 547 890 584 vel
913 547 952 583 in
971 559 1039 583 suo
1059 558 1220 597 corpore
1240 547 1429 589 naturali,

159 608 221 644 vel
238 607 276 643 in
295 619 362 644 suo
381 618 540 655 corpore
558 606 717 656 mystico
731 634 741 652 ‚
761 607 865 654 quod
885 611 942 643 est
957 608 1140 646 Ecclesia.
1467 654 1471 659 γ

110 664 281 702 Christus
304 676 436 713 passus
460 668 517 700 est
542 663 583 700 in
611 675 678 700 suo
708 674 866 712 corpore
894 663 1060 700 naturali
1088 675 1209 712 usque
1235 665 1284 701 ad
1312 663 1429 708 simun

160 721 261 758 vitm.

112 778 160 816 In
179 789 246 814 suo
269 787 428 825 corpore
451 777 610 826 mystico
633 777 800 827 patietur
824 788 944 826 usque
969 777 1018 813 ad
1039 777 1155 816 finem
1181 776 1329 814 mundi.
1351 775 1428 817 IV.

165 839 208 872 32
216 840 253 871 3.

114 892 283 930 Christus
297 889 339 928 iu
357 900 469 926 cruce
487 889 564 926 vita
580 893 618 926 et
635 890 719 926 sons
735 891 834 927 vitae.
856 888 891 926 I.
913 893 974 927 29.
990 894 1055 926 20,
1326 934 1336 949 Ἰ

110 951 218 987 Fides
244 947 386 985 canaiis
411 958 486 995 quo
509 947 531 983 a
553 947 691 984 Christi
717 949 831 984 corde
867 947 946 983 vita
971 945 1059 983 fluit
1085 947 1126 982 in
1152 957 1219 983 cor
1244 947 1429 983 nostrum.

184 1006 264 1043 bid.
1259 1001 1262 1003 ’

112 1007 181 1102 Pe}
194 1064 308 1105 fidem
326 1063 453 1111 itaque
470 1041 687 1108 frequenter
703 1058 813 1095 unire
829 1058 991 1096 Christo.
1014 1057 1120 1094 Ibid.

113 1121 311 1160 Christus
301 1134 341 1157 m
359 1130 474 1156 cruce
491 1117 712 1166 adimpletio
733 1115 865 1163 figurae
883 1116 1068 1165 serpentis
1092 1114 1204 1152 aenei.
1229 1114 1332 1152 ibid.

115 1183 190 1216 Cur
209 1177 375 1231 Ecclesia
394 1175 621 1213 crucifixum
644 1172 847 1219 omnibus
838 1185 877 1209 in
896 1171 1096 1222 propatulo
1118 1169 1258 1218 ponit?
1277 1170 1381 1210 Ibid.

114 1237 285 1274 Christus
304 1241 342 1272 et
360 1235 525 1272 Ecclesia
541 1237 598 1271 est
616 1245 691 1269 una
707 1243 868 1280 persona
886 1231 1056 1280 mystica.
1078 1227 1153 1269 IV.
1175 1231 1264 1266 323.

112 1295 209 1332 Hinc
236 1294 372 1332 Christi
398 1293 522 1341 passio
547 1302 667 1340 usque
692 1291 740 1327 ad
765 1290 880 1327 finem
905 1289 1038 1326 mundi
1062 1286 1298 1336 perducitur.
1327 1285 1429 1328 Ibid.

162 1349 254 1386 Vide
271 1348 415 1386 Passio
435 1347 594 1384 Clu-isti.

547 1433 763 1466 CHRISTUS
791 1433 990 1466 DOCTOR.

114 1515 283 1554 Christus
300 1509 437 1551 doctor
457 1516 599 1549 noster.
619 1515 662 1548 V.
684 1515 769 1550 350.

115 1577 214 1620 Quot
230 1569 375 1608 m'odis?
393 1570 499 1608 Ibid.

114 1631 214 1677 Quid
235 1628 396 1666 doceat?
414 1621 516 1665 Ibid.

115 1688 263 1736 Triplex
279 1697 350 1724 vox
372 1681 484 1732 hujus
501 1682 689 1720 Doctoris.
710 1680 813 1717 Ibid.

116 1744 266 1792 Triplex
287 1743 570 1779 documentum.
590 1738 691 1774 Ibid.

117 1803 319 1841 Inel'fabite
337 1801 475 1838 Christi
497 1798 649 1835 Domini
667 1795 860 1833 charitatis
884 1796 1112 1843 exemplum.
1137 1792 1210 1833 lv.
1234 1797 1319 1831 228.
1345 1795 1431 1830 239.

118 1861 297 1907 Illudque
311 1858 514 1904 concipere
531 1867 608 1891 nou
626 1855 755 1891 valens
770 1880 780 1898 ,
803 1853 933 1887 saltem
954 1853 1088 1888 mirare
1100 1880 1110 1898 ‚
1131 1852 1227 1888 senti
1241 1880 1251 1895 ,
1270 1851 1432 1893 imitare.

118 1917 315 1965 singulum
329 1924 516 1963 quemque
530 1911 614 1961 pari
630 1910 822 1947 charitatis
838 1910 948 1946 modo
966 1909 1107 1957 diligit,
1123 1920 1198 1957 quo
1214 1908 1432 1945 universum

168 1978 310 2014 orbem.
331 1976 409 2013 ΙΙΙ.
437 1976 521 2011 354.
544 1976 630 2010 359.
651 1972 744 2007 Vide
766 1970 908 2007 Passio
928 1970 1084 2007 Christi.

548 2056 786 2090 HUMILtTAS
813 2055 1003 2091 CHRISTL

121 2139 288 2179 Mirabile
306 2137 446 2175 Christi
463 2137 615 2174 Domini
632 2135 856 2173 humilitatis
875 2135 1101 2183 exemplum.
1122 2132 1197 2175 IV,
1226 2137 1313 2171 226.
1343 2134 1431 2172 227.

173 2200 195 2233 2
225 2200 260 2232 8.

119 2201 228 2301 Quod
245 2253 277 2289 si
294 2253 390 2288 bene
408 2252 672 2299 perpenderis,
700 2253 898 2308 erubesces
914 2261 995 2288 esse
1015 2250 1210 2298 superbus.
1230 2248 1332 2286 lbid.

117 2316 196 2349 Hoc
206 2311 417 2361 exemplum
436 2322 628 2357 nunquam
642 2309 955 2346 obliviscendum.
981 2307 1083 2344 Ibid.

118 2371 465 2467 Chiistihumilitas
483 2375 520 2408 et
537 2371 698 2408 charitas
712 2371 843 2409 sentiri
862 2373 1006 2420 potest,
1022 2369 1178 2420 concipi
1195 2379 1272 2409 non
1288 2369 1428 2418 potest.

197 2433 238 2468 V.
262 2431 348 2466 228.
