1474 2658
112 70 122 105 ,⁷
145 49 233 104 486
430 61 584 92 mni-:x
613 61 763 96 neuim
792 61 848 93 m·
877 61 1141 105 venzonum.

143 123 242 170 Quid
255 121 412 159 cuilibet
425 120 527 157 fideli
548 120 762 157 faciendum
775 121 824 158 ad
837 121 1016 158 salutem
1006 119 1023 144 ²
1043 119 1096 162 V.
1113 126 1200 161 334.

106 175 109 178 ¹
146 182 253 217 Salus
270 178 424 216 nostra
413 190 432 213 a
449 182 541 215 Deo.
561 176 636 216 lV.
656 181 740 215 232.

143 237 255 275 salus
272 239 371 273 nost·
371 249 399 272 a
420 247 440 271 a
458 236 582 273 nohis.
602 235 678 274 IV.
695 240 782 274 233.

117 295 353 343 „Utriusque
371 295 583 343 explicatio.
604 295 704 332 Ibid.
725 299 764 332 et
777 293 824 334 V.
847 300 935 334 263.
1044 327 1045 331 ,

146 353 341 398 Quomodo
362 351 431 388 bac
450 353 497 388 de
515 364 554 387 re
569 352 815 400 intelligenda
829 355 1032 401 Scripturae
1047 354 1158 391 loca?-
1175 353 1276 392 Ibid.

147 408 256 445 Salus
270 411 395 457 nostra
410 408 603 444 humiliter
617 413 654 445 et
669 410 840 456 gnaviter
855 410 1043 448 facienda.
1063 410 1134 449 IV.
1154 415 1242 451 233.

148 467 392 504 Sedulitasin
408 468 610 503 omniloco
632 469 826 515 requisita.
850 469 926 507 IV
948 474 1036 507 231.
1040 474 1142 513 233.

119 566 124 572 ,
147 523 406 561 consideratio
420 525 466 559 ad
484 527 686 570 utrumque
705 524 883 562 excitans.
902 525 976 565 IV.
1000 530 1086 566 231.

150 579 291 619 Salutis
304 586 437 617 nostrae
455 586 493 617 et
512 581 671 617 aliorum
692 582 803 620 basis.
822 582 940 620 Jesus
959 583 1135 620 Christus
1158 583 1198 620 ἰη
1223 581 1328 619 laum:
1344 593 1456 619 mun-

201 638 292 674 dum
309 637 416 674 venit
434 638 564 673 salvos
576 636 722 686 facere.
743 635 796 677 V.
815 641 875 675 84.

151 694 234 731 Tria
251 694 358 729 nobis
383 695 429 730 ad
447 696 604 730 salutem
631 698 866 732 necessaria:
894 696 1111 744 vigilantia,
1134 695 1316 733 sobrietas
1337 697 1376 732 et
1397 704 1460 731 ar-

202 754 359 785 matura.
385 749 456 787 lv.
481 755 565 787 470.
592 751 683 788 Vide
710 744 943 800 Viqilantia.

153 808 209 844 Ad
228 811 403 844 aetcrnam
421 808 580 844 salutem
595 810 670 845 duo
693 814 781 846 sunt
801 812 1036 848 necessaria:
1058 810 1263 858 Evangelio
1284 809 1460 853 credatu,

206 868 244 900 et
259 865 425 900 obedire.

155 926 237 959 Non
256 922 400 966 minus,
421 921 495 958 imo
521 923 669 969 gravius
687 924 961 960 damnabuntur
981 923 1188 971 Evangelio
1202 922 1465 959 inobedientes

207 983 318 1029 quem
333 983 535 1029 Evangelio
555 995 629 1018 non
648 984 857 1021 credentes.
879 983 930 1022 V.
958 990 1015 1021 11.
1426 990 1429 993 ’

126 1075 130 1079 ,
156 1038 267 1076 Salus
284 1050 431 1087 semper
451 1040 470 1074 ὲ
494 1038 581 1075 fide.
606 1039 679 1076 111.
715 1044 799 1076 383.
826 1039 974 1086 Quare?
998 1045 1084 1078 383.
1109 1042 1196 1078 384.
1217 1039 1312 1077 vide
1329 1036 1464 1075 Fides.

159 1095 267 1132 Salus
285 1107 430 1143 semper
448 1097 468 1132 ii
487 1097 560 1134 side
577 1098 615 1133 in
635 1098 839 1135 Christum.
861 1097 1016 1146 Quare?
1033 1097 1107 1136 111.
1131 1100 1216 1135 384.

158 1150 300 1189 Salutis
317 1157 447 1190 auctor
465 1153 645 1191 Christus.
666 1154 739 1192 111
763 1159 847 1192 359.

160 1208 331 1254 ΟῘιιςὶεῑιιε
347 1210 577 1257 praesertim
568 1223 608 1247 m
621 1222 734 1248 cruce
751 1211 882 1248 salutis
899 1215 1057 1269 auctor:
1065 1210 1166 1249 Ibid.
1181 1208 1276 1246 Vide
1291 1206 1472 1245 Christus

214 1268 441 1316 crucifixus.
1411 1291 1413 1293 ·
1431 1283 1433 1285 ’

163 1325 310 1361 Nullius
330 1325 572 1372 despicienda
590 1327 688 1362 salus
706 1328 754 1363 ob
769 1327 1029 1363 conditionum
1042 1326 1242 1364 vilitatem.
1258 1322 1314 1363 Π.
1338 1327 1422 1360 188.

159 1386 350 1430 Pauperes
363 1382 510 1420 Christo
525 1389 563 1420 et
581 1386 761 1432 apostolis
780 1386 993 1422 similiores.
1013 1385 1114 1423 Ibid.

132 1478 136 1482 ,
163 1442 221 1476 De
248 1439 414 1487 nullius,
449 1442 640 1489 praecipue
672 1443 896 1485 Christiani,
929 1443 1050 1478 salute
1077 1441 1351 1489 desperandum
1363 1467 1373 1485 ‚
1401 1437 1474 1475 imo

220 1507 366 1544 semper
383 1498 623 1544 sperandum.
642 1499 675 1536 Ι.
697 1504 782 1536 302.
806 1503 891 1536 306.

166 1555 276 1592 salus
288 1555 448 1591 orationi
463 1555 641 1593 tribuitur
658 1572 666 1594 :
681 1557 825 1594 Omnis
837 1556 1062 1605 quicumque
1075 1554 1311 1594 Invocaverit
1323 1579 1336 1602 ‚
1349 1555 1474 1592 salvus

221 1614 310 1649 erit.
331 1617 452 1658 Quare
470 1618 507 1650 et
523 1615 740 1662 quomodo?
758 1614 789 1652 1.
813 1619 900 1659 274.
920 1615 1014 1651 Vide
1033 1614 1181 1652 Oratio.

177 1670 310 1706 Omnia
330 1673 454 1706 nostra
475 1676 575 1717 sunt,
590 1673 712 1708 omniu
734 1672 842 1709 nobis
860 1673 1074 1728 adealutem
1083 1669 1338 1708 subserviunt.
1352 1668 1404 1706 11.
1420 1670 1474 1710 80,

176 1727 481 1764 christianismus
501 1734 555 1766 est
572 1731 653 1766 dies
670 1730 814 1768 salutis.
835 1729 908 1767 111.
933 1734 1016 1767 127.
1039 1741 1044 1746 ·

178 1787 275 1820 Ante
305 1783 492 1820 Christum
518 1797 594 1822 non
625 1791 704 1823 exat
730 1787 810 1822 dies
833 1797 904 1822 nec
927 1785 1057 1822 salus?
1086 1784 1236 1831 Quare?
1266 1782 1367 1822 Ibid.
1394 1780 1474 1825 Vith

232 1837 561 1879 christianismus.

180 1895 383 1932 Hominum
401 1901 457 1932 est
475 1898 598 1934 omnia
616 1902 759 1935 tentare
777 1910 845 1947 pro
859 1899 1017 1935 aliorum
1035 1898 1168 1935 salute.
1188 1894 1242 1935 V
1258 1899 1345 1932 278.

183 1957 254 1994 Per
271 1957 425 2001 peccata
446 1954 638 1992 hominum
669 1961 809 1992 mutata
827 1956 901 1992 suit
927 1955 1058 1991 salutis
1085 1954 1168 1990 via·
1160 1979 1170 1997 ‚
1199 1962 1269 2000 per
1292 1948 1474 1988 stultitian

235 2010 358 2046 mucis
367 2012 562 2048 credentes
575 2013 693 2049 salvat
707 2017 807 2049 Deus
824 2013 1063 2060 Redemptor,
1081 2021 1177 2058 quos
1189 2020 1258 2059 per
1271 2002 1474 2057 sapientiai]

238 2069 380 2104 salvare
398 2070 546 2106 volebat
562 2074 661 2106 Deus
679 2069 847 2106 Creator
873 2069 926 2106 11.
946 2073 1009 2105 26.
1029 2069 1122 2105 Vide
1141 2065 1362 2115 Sapientia,
1386 2059 1474 2100 1²¹·ae

241 2129 395 2174 dicatio,
409 2130 579 2166 Verbum
596 2132 744 2168 Crucis.

193 2190 235 2223 ln
254 2187 383 2222 salutis
402 2188 461 2224 viu
477 2200 672 2235 nunquam
692 2189 866 2225 standum
878 2215 888 2233 ,
920 2187 986 2224 sed
1007 2184 1190 2225 continue
1206 2181 1472 2221 ambulandum

243 2246 533 2296 proficiendum.
554 2249 622 2289 IV.
646 2252 730 2287 444.
756 2253 841 2286 456.

346 2337 461 2371 DEUS
485 2338 600 2372 VULT
626 2339 773 2372 OMNES
798 2334 996 2370 HOMINES
1021 2333 1190 2369 SALVOS
1215 2328 1344 2367 FIERI.
1376 2332 1377 2335 ’

199 2418 288 2461 Quae
306 2414 354 2451 sit
368 2426 472 2451 mens
486 2418 654 2464 Apostoii
673 2417 746 2458 hoc
763 2415 940 2463 dicentis,
958 2410 1194 2462 disquiritur.
1209 2406 1271 2449 V.
1293 2409 1379 2446 1⁰1.
