1474 2658
383 38 522 79 ,ηπ
549 40 710 74 nalum
738 45 796 76 Εἰ·
824 46 1084 89 mamm.
1238 46 1245 53 “
1320 36 1402 94 387

530 118 909 166 ·<·'131.EnuoerA;·
1019 106 1034 116 ‘
1097 107 1103 114 ’

71 187 132 202 m„
321 190 394 201 ,·,,
425 181 441 199 ξ’
472 181 491 199 Η

67 217 656 269 ωοηωιιιαςαιίιῑὶαοεῑ,
671 230 739 256 seu
753 225 978 266 mercatura,
996 221 1071 270 qua
1091 224 1229 260 coelum
1244 226 1404 264 terrenis

137 279 290 326 emitur.
310 279 387 319 IV.
406 279 492 318 285.

76 339 183 378 ¹Hinc
194 337 404 375 meliorest
411 334 587 374 conditio
602 336 727 374 dantis
738 338 1027 386 eleemosynam,
1042 341 1152 387 quam
1165 341 1401 390 recipientis.

139 394 245 434 Ibid.

85 453 148 492 M
163 453 464 502 eleemosynam,
480 451 558 488 ubi
576 430 714 489 desunt
731 453 919 502 pecuniae,
941 453 1080 491 suffieit
1098 456 1257 494 animus.
1277 457 1378 495 Ibid.

75 511 360 559 Eleemosyna,
391 509 500 558 quasi
519 510 742 558 thymiama,
773 511 883 558 cujus
902 523 981 549 non
1006 512 1144 559 fumus,
1170 515 1235 551 sed
1263 516 1410 553 animus

140 573 220 607 Deo
238 571 378 618 placet.
399 568 469 607 IV.
491 573 578 607 286.
1246 581 1253 585 -

90 627 219 666 hexis
233 627 335 664 cirea
353 627 630 675 eleemosynam
658 626 884 664 faciendam.
904 626 973 666 Iv.
997 631 1084 666 289.

91 687 218 725 Praxis
233 686 335 723 circa
353 686 630 734 eleemosynam
647 684 919 733 recipiendam.
941 685 1006 723 IV.
1027 690 1113 723 290.

92 747 342 794 Eleemosyna
359 755 428 781 cur
441 755 527 780 cum
547 743 795 779 fundamento
810 748 1024 791 comparata
1039 745 1056 780 ἰ’
1071 744 1126 784 V.
1147 750 1235 783 232.

92 804 362 850 Eleemosyna,
395 800 647 838 beneficentia
667 811 754 848 erga
773 805 936 847 sanctos,
966 802 1088 839 facilis
1112 803 1168 839 est
1198 803 1409 841 ditescendi

142 860 294 898 modus.
316 860 381 896 IV.
406 863 492 896 201.

75 917 165 955 -cui
187 917 322 955 similis
341 916 456 957 *dives
478 913 618 951 sanctis
638 913 881 950 benefaciens
895 912 913 947 Ρ
926 914 1000 953 IV.
1032 920 1119 953 202.
1150 917 1252 954 ulmo
1266 918 1414 956 scilicet

143 971 295 1008 vin'eam
314 970 500 1019 portanti.

27 1054 33 1057 -
94 1027 201 1065 Ondo'
214 1026 421 1064 servandus
437 1025 477 1062 in
496 1025 733 1073 eleemosyna
747 1027 846 1062 bene
862 1025 1050 1063 facienda.
1072 1027 1151 1065 III.
1176 1033 1259 1066 194.

95 1086 226 1124 nodus
243 1095 319 1132 quo
332 1083 417 1120 fieri
431 1084 564 1127 debet,
584 1083 773 1130 prompte,
797 1083 914 1130 large,
931 1084 1114 1120 hilariter.
1135 1085 1238 1124 Ibid.

95 1143 472 1192 Eleemosyna-detur
488 1154 574 1179 cum
592 1142 732 1178 fiducia
748 1143 787 1178 in
802 1143 870 1180 Dei
889 1144 1180 1192 omnipotentia.
1202 1146 1281 1184 ΙΙΙ,
1306 1150 1388 1185 196.

94 1201 220 1239 Praxis
243 1202 520 1248 eleemosynam
538 1199 717 1236 faciendi.
768 1222 777 1227 ν

95 1259 342 1308 Eleemosyna
366 1257 521 1304 liturgia
542 1262 610 1302 est,
637 1267 783 1305 pauper
803 1257 920 1293 altare
936 1256 1094 1301 Christi3
1118 1258 1192 1294 hoc
1210 1259 1328 1298 altare
1350 1271 1412 1298 re-

147 1327 299 1362 verere,
319 1318 358 1353 et
374 1326 488 1364 super
506 1315 604 1351 illud
624 1313 806 1351 sacrifica.
823 1314 919 1350 Ibid.

97 1374 342 1424 Eleemosyna
358 1384 437 1409 non
449 1373 498 1409 sit
516 1373 684 1418 avaritia,
704 1383 770 1408 seu
781 1371 948 1408 avaritiae
962 1371 1160 1420 tributum,
1172 1374 1277 1422 quod
1292 1377 1410 1423 tarde,

147 1429 282 1474 invite,
307 1429 422 1477 parce
439 1430 563 1466 datur.
581 1429 657 1467 III.
683 1433 768 1466 186.
793 1429 876 1466 195.

52 1516 55 1526 .
97 1487 342 1535 Eleemosyna
362 1497 490 1523 semen
507 1491 564 1524 est
582 1487 686 1534 quod
704 1487 746 1523 in
761 1499 875 1522 manu
889 1487 1066 1534 pauperis
1081 1489 1229 1535 seritur,
1251 1494 1289 1528 et
1305 1492 1413 1540 cujus

147 1545 277 1582 messis
291 1544 330 1580 in
354 1544 440 1579 sinu
459 1544 527 1579 Dei
546 1544 754 1590 colligitur.
771 1543 850 1580 III.
878 1548 959 1580 186.
987 1547 1069 1580 194.

98 1601 180 1649 Quo
199 1600 342 1647 largior
359 1599 618 1646 eleemosyna,
641 1597 685 1635 eo
705 1598 895 1646 copiosior
923 1599 1065 1636 messis.
1086 1599 1187 1638 Ibid.

95 1663 148 1697 Ex
166 1659 291 1696 animo
311 1660 434 1694 tamen
451 1660 632 1704 pensatur
649 1656 820 1703 largitor.
842 1655 917 1693 1112
943 1661 1026 1694 187.

97 1718 342 1764 Eleemosyna
362 1725 430 1751 cur
451 1713 592 1750 dicitur
609 1713 769 1760 justitia.
796 1712 872 1750 III.
899 1717 982 1751 189.
1267 1714 1290 1753 ἱ

97 1776 255 1814 Prodest
272 1774 314 1810 in
332 1777 504 1821 tempore
522 1775 560 1808 et
578 1770 620 1808 iu
637 1770 862 1808 aeternitate.
882 1769 978 1807 Ibid.

99 1836 202 1872 Bona
233 1833 418 1869 asservata
446 1833 630 1878 pereunt,
649 1840 719 1878 per
748 1827 971 1864 charitatem
999 1827 1166 1877 dispersa
1192 1838 1346 1871 manent
1374 1835 1414 1873 in

151 1895 347 1929 aeternum.
367 1886 446 1924 ΙΙΙ.
470 1890 553 1923 191.

100 1955 200 2001 opes
215 1947 343 1998 puteis
369 1950 459 1983 sunt
476 1944 617 1982 similes
641 1957 649 1979 :
675 1943 784 1992 putei
804 1943 925 1991 quieti
953 1947 1199 1992 putrescunt5
1224 1949 1414 1996 exhausti,

152 2007 344 2056 copiosius
361 2006 488 2043 fluunt
504 2009 542 2042 et
557 2002 770 2053 pulchrius.
790 2001 865 2039 III.
894 2005 977 2039 190.

105 2067 288 2105 Uberibus
301 2065 457 2102 similes.
474 2064 567 2099 Vide
579 2060 758 2099 Divitice.

103 2128 352 2175 Eleemosyna
369 2123 613 2162 sacrificium.
634 2121 667 2158 I.
690 2124 775 2158 391.
798 2124 884 2158 392.

105 2193 185 2227 Hoc
203 2185 431 2225 sacrificium
449 2183 546 2220 tanti
564 2180 655 2218 fecit
672 2181 888 2228 Apostolus,
915 2183 958 2217 ut
980 2178 1007 2217 i.
1001 2180 1080 2218 'lud
1097 2183 1204 2231 quasi
1228 2189 1419 2235 apostola-

156 2248 219 2285 tus
237 2247 294 2283 sui
311 2249 458 2294 partem
478 2241 707 2280 consideret.
725 2243 753 2276 Ι.
778 2243 864 2277 392.

108 2303 198 2343 Non
212 2303 467 2350 dedignentur
482 2299 612 2347 itaque
626 2297 700 2335 viri
715 2296 929 2345 apostolici.
950 2296 1052 2335 Ibid.

108 2364 356 2409 Eleemosyna
381 2356 524 2394 Christi
552 2354 784 2403 pauperibus
814 2353 956 2392 debita.
987 2353 1089 2392 Ibid.
1122 2355 1214 2395 vide
1233 2356 1303 2395 haic
1322 2359 1369 2397 de
1386 2371 1425 2398 re

164 2419 464 2461 observationem
483 2421 529 2454 D.
552 2413 715 2452 Thomae.
