1474 2658
62 0 306 35 ’,μ’μ’
344 0 346 3 v
372 0 375 3 v

0 0 77 62 ff
136 36 139 38 ’
386 60 571 114 m‘m
592 80 833 112 nxmsmo.
864 66 966 125 cap.
994 65 1075 112 x1.
1300 67 1391 112 323

40 102 312 191 W,
327 138 365 184 ὁ
372 137 530 186 &flue
547 137 656 183 Deus
679 139 840 184 Homo!
868 149 910 183 ut
939 156 1068 186 meum
1099 143 1295 192 mIserum
1301 155 1393 185 esse

7 219 10 221 ’
73 217 280 261 mque
295 207 475 248 miseram
493 206 612 248 vitam
624 235 635 256 ‚
662 212 729 248 tuo
748 220 832 248 esse
847 206 980 248 divino
999 214 1039 250 et
1054 207 1225 250 humano
1237 213 1393 262 tuaque

73 271 166 314 vita
186 269 602 322 theundmnniens‚
623 270 691 314 ine
709 278 838 314 tecum
870 270 1031 315 offeram
1061 270 1152 316 Deo
1182 271 1288 316 Patri
1300 302 1314 324 ,
1344 278 1391 315 ut

74 336 223 379 infinita
239 345 287 380 et·
296 334 494 393 plusqixam
509 338 692 380 infinities
714 338 863 380 infinita
879 340 973 380 vitae
989 345 1064 380 tuae
1080 341 1213 382 merita
1225 370 1236 390 ‚
1257 340 1393 381 omnia

76 403 172 444 vitae
198 415 297 446 meae
322 401 507 444 demerita
533 408 733 458 reparent,
761 408 898 456 tuaque
921 403 1231 458 superabundans
1258 403 1392 444 abun-

78 468 209 512 dantia
228 471 277 512 sit
291 472 434 525 inopiae
450 485 549 514 meae
561 470 884 526 supplementum.

136 530 297 587 Patere,
315 532 341 575 ὁ
358 531 513 576 Christe
529 532 639 577 Deus
665 532 801 576 Homo
819 536 828 575 !
854 541 1096 591 peccatorum
1120 534 1255 576 mundi
1274 536 1395 577 victi-

77 611 164 657 ως,
182 596 394 655 Agnusque
422 597 502 642 Dei
523 601 588 656 qui
610 599 714 642 tollis
735 605 891 656 peccata
913 598 1069 650 mundi,
1088 605 1218 654 patere
1231 605 1274 641 ut
1292 612 1388 654 ego,

78 670 321 717 peccatorum
340 665 575 705 miserrimus
589 694 601 715 ,
620 669 750 708 tecum
766 655 838 705 sim
853 669 1097 718 peccatorum
1114 674 1289 703 meomm
1306 663 1395 704 vic-

79 729 195 780 tima,
214 734 457 784 mortemque
476 742 600 770 meam
623 734 698 769 tuae
721 730 835 769 morti
851 727 1360 781 sanctissimaeconjungens
1373 757 1390 780 ,

77 800 280 850 utramque
303 795 417 837 simul
439 793 602 836 offeram
621 792 712 837 Deo
738 796 778 836 in
798 801 1041 849 peccatorum
1061 807 1239 837 meorum
1255 795 1393 850 expia-

32 890 37 894 .
77 857 242 899 tionem.

138 919 310 964 Mortem
321 921 503 964 infinities
522 922 666 971 merui,
689 919 835 970 fateor:
853 927 1019 963 mortem
1033 926 1192 974 accepto
1208 920 1395 962 contritus

81 993 123 1029 et
138 988 345 1038 poenitens.
357 983 439 1035 Da,
462 984 487 1026 ὀ
505 982 613 1026 Deus
628 985 815 1027 salvator!
835 988 898 1040 qui
918 999 988 1039 pro
1008 987 1103 1027 meis
1118 986 1284 1040 peccatis
1293 986 1394 1026 mori

79 1051 257 1109 dignatus
293 1065 352 1104 es,
383 1051 430 1092 da
459 1057 500 1093 ut
533 1052 573 1092 in
592 1057 659 1092 tuo
677 1052 812 1106 spiritu
830 1052 995 1100 moriar,
1021 1053 1060 1093 in
1073 1054 1148 1093 tuis
1170 1051 1395 1092 vuineribus

79 1120 250 1161 moriens
267 1117 496 1169 abscondar,
519 1124 558 1158 et
579 1131 646 1170 per
663 1119 784 1172 aperti
802 1113 941 1158 Cordis
956 1118 1010 1158 tui
1025 1116 1184 1168 vulnus,
1204 1117 1308 1172 quasi
1322 1129 1394 1170 per

80 1195 128 1223 os
145 1184 286 1223 amoris
313 1183 392 1231 tui,
421 1181 545 1223 dicam
572 1183 780 1236 expirans:
804 1178 884 1224 Per
914 1183 1131 1236 passionem
1165 1187 1203 1223 et
1226 1187 1396 1224 mortem

80 1243 170 1289 Filii
187 1248 261 1297 tui,
287 1244 312 1287 ὁ
337 1242 473 1289 Deus-
497 1248 682 1289 miserere
704 1247 797 1289 mei.

139 1309 342 1364 Concede,
362 1311 385 1354 ὀ
397 1309 550 1354 Christe
567 1309 678 1354 Deus
690 1310 848 1354 Homo!
870 1309 1044 1355 Salvator
1055 1310 1202 1362 mundi,
1214 1308 1396 1351 sacerdos

78 1374 244 1427 aterne,
268 1378 333 1432 qui
353 1374 445 1418 Deo
467 1375 606 1418 dexter
628 1375 825 1425 assidens,
848 1378 888 1416 in
906 1383 1050 1418 aeterno
1068 1375 1278 1418 sanctuario
1293 1387 1395 1428 pon-

75 1437 242 1488 tificatds
258 1441 312 1481 tui
327 1440 581 1481 ministerium
601 1440 774 1494 peragis,
796 1435 927 1481 Deum
947 1454 1034 1482 cum
1056 1439 1235 1481 omnibus
1253 1437 1396 1478 sanctis

48 1501 258 1554 'hudans‚
276 1502 436 1545 adorans
451 1535 463 1555 ‚
482 1504 741 1556 benedicens,
766 1509 864 1550 etc.;
891 1502 1085 1553 concede,
1107 1515 1176 1556 per
1203 1499 1396 1541 infinitam

79 1569 379 1610 misericordiam
401 1576 529 1620 tuam,
547 1575 588 1610 ut
604 1575 872 1623 postmortem
895 1581 1020 1610 meam
1048 1574 1198 1609 sanctus
1220 1563 1395 1620 Angelus

42 1672 48 1678 ,
80 1639 170 1674 tuus
181 1634 347 1673 animam
367 1647 493 1675 meam
508 1663 520 1679 ,
547 1647 615 1687 per
637 1634 862 1687 sanguinem
880 1638 987 1673 tuum
1005 1634 1027 1672 a
1044 1631 1146 1671 vitiis
1168 1636 1363 1684 purgatam
1376 1660 1395 1680 2

81 1697 224 1741 deferat
241 1702 280 1741 in
298 1700 463 1742 sublime
484 1700 599 1741 altare
617 1706 745 1747 tuum3
767 1707 808 1740 ut
828 1700 897 1741 tibi
913 1697 1095 1740 Pontifici
1113 1704 1256 1738 aeterno
1269 1698 1392 1746 unita,

77 1765 121 1806 in
143 1771 210 1817 te,
232 1771 360 1806 tecum
383 1772 419 1807 et
440 1780 508 1819 per
535 1771 575 1806 te
592 1762 722 1806 Deum
751 1778 838 1806 cum
867 1766 1006 1805 sanctis
1027 1763 1209 1805 omnibus
1232 1761 1397 1813 adoret,

76 1833 201 1882 amet,
217 1827 344 1870 laudet
359 1859 371 1882 ,
394 1828 598 1871 benedicat
618 1830 658 1869 in
675 1834 876 1870 aeternum.

470 2106 492 2137 F
499 2105 580 2135 mis
611 2104 825 2135 EPlsTOLAE.
853 2107 1003 2138 umus.
