1430 2658
331 95 339 101 '
414 107 604 142 tum-u
633 107 876 140 nxrosmo.
907 91 1007 150 Cap.
1042 89 1102 138 V.
1341 93 1418 139 ‚85

459 296 686 383 CAPUT
717 334 1056 397 QUINTUM.

607 485 889 540 Pamphrasis.

104 581 224 671 UT
242 625 436 670 Christum
451 627 544 668 vere
565 625 787 683 pontificem
813 638 898 666 esse
907 625 1074 666 nosoetis
1086 654 1097 674 ‚
1114 630 1154 666 et
1173 636 1243 679 per
1263 638 1352 667 eum
1370 626 1419 668 ad

98 693 180 739 Dei
198 690 495 738 misericordiam
515 693 711 732 recurratis
728 721 740 742 ,
758 689 827 731 has
848 691 1054 731 observate
1073 690 1263 749 pontificis
1277 698 1388 732 notas
1406 707 1417 732 :

161 757 305 800 Omnis
318 754 492 810 pontifex
508 769 558 796 ex
572 753 777 795 hominum
795 768 957 796 numero
972 754 1134 796 seleuus
1146 786 1161 806 ‚
1177 757 1419 798 constituitur

102 824 208 880 quasi
225 820 374 864 medius
390 821 489 860 inter
509 820 611 873 ipsos
629 825 666 861 et
683 817 829 868 Deum,
846 818 893 860 ad
907 834 968 861 res
981 821 1149 874 ipsorum
1162 821 1261 874 apud
1286 819 1417 863 Deum

101 887 268 944 agendas
286 903 296 937 ;
319 892 360 928 ut
379 883 514 928 offerat
527 881 614 926 Deo
631 883 759 940 populi
784 884 886 926 dona
907 891 945 926 et
963 885 1144 934 sacrificia
1164 901 1234 942 pro
1252 889 1417 941 peccatis

100 957 123 998 a
139 954 226 1008 lege
242 953 461 1009 praescripta
475 968 485 998 ;

159 1015 240 1070 Qui
264 1030 405 1072 pronus
425 1022 462 1057 et
486 1014 603 1057 facilis
627 1017 676 1056 sit
702 1015 749 1056 ad
775 1014 1059 1057 condolendum
1079 1017 1342 1070 peccatoribus
1366 1031 1416 1059 ex

100 1079 313 1135 ignorantia
325 1085 362 1121 et
371 1092 499 1120 errore
510 1077 699 1128 seductis,
715 1082 977 1134 suae-propriae
993 1093 1143 1121 memor
1156 1079 1387 1120 infirmitatis
1411 1094 1422 1119 ε

101 1151 246 1193 etenim
265 1150 400 1204 etipse
415 1179 426 1200 ‚
444 1149 538 1188 sicut
553 1148 612 1189 alii
624 1179 634 1198 ,
653 1148 719 1188 sua
737 1148 988 1191 circumdatus
1003 1156 1061 1191 est
1079 1154 1118 1190 et
1137 1150 1243 1202 quasi
1263 1148 1417 1190 indutus

101 1211 339 1254 infirmitate.

159 1274 210 1319 Et
221 1277 274 1327 oh
285 1275 385 1317 hanc
393 1290 542 1316 causam
556 1275 669 1316 debet
681 1291 729 1317 ex
742 1279 961 1331 praescripto
971 1277 1062 1330 legis
1076 1277 1214 1328 Leo.4.
1225 1275 1268 1330 3,
1284 1275 1416 1320 Aaro-

100 1341 211 1382 nicus
227 1338 405 1381 sacerdos
422 1353 492 1394 pro
512 1339 589 1379 suis
606 1342 771 1393 peccatis
789 1340 985 1382 immolare
997 1371 1010 1393 ‚
1033 1341 1358 1395 quemadmodum
1377 1348 1418 1383 et

102 1421 175 1462 pro
191 1407 319 1462 populi
334 1408 498 1461 peccatis
514 1405 658 1448 hostias
675 1408 860 1450 immolat.

161 1470 313 1524 Porro,
332 1471 453 1513 nunus
470 1471 662 1526 legitimus
681 1472 854 1526 pontifex
875 1473 1131 1527 pontificalem
1151 1474 1224 1516 sibi
1246 1474 1419 1529 dignita-

102 1546 184 1582 tem
201 1540 378 1580 arbitratu
399 1552 468 1579 suo
487 1538 663 1580 vendicat
680 1557 689 1586 ;
707 1539 777 1580 sed
795 1539 853 1580 iste
870 1539 1057 1594 legitimus
1073 1548 1156 1590 est,
1176 1556 1290 1595 quem
1309 1539 1418 1583 Deus

103 1610 212 1646 {anto
241 1602 404 1644 destinat
440 1601 568 1643 officio
582 1633 594 1652 ‚
629 1606 726 1644 sicut
751 1601 883 1644 Aaron
916 1605 1049 1645 divino
1076 1613 1234 1646 vocatus
1265 1613 1322 1648 est
1349 1608 1418 1659 ju-

107 1668 226 1710 dicio.

164 1731 338 1776 Christus
347 1747 439 1786 ergo
451 1747 561 1775 verus
572 1732 744 1786 pomifex
756 1735 817 1788 qui
826 1737 1076 1788 semetipsum
1089 1735 1138 1776 ad
1155 1737 1416 1790 pontificatum

27 1840 29 1842 ,
104 1812 187 1840 non
205 1797 359 1844 extulit;
379 1797 448 1839 sed
465 1796 580 1839 Pater
597 1803 759 1838 aerernus
773 1830 783 1849 ‚
802 1800 865 1853 qui
883 1801 1005 1853 primo
1023 1798 1159 1841 Jesum
1173 1801 1287 1841 filiurn
1303 1815 1418 1843 suum

0 1862 2 1872 '
75 1903 78 1906 ,
105 1861 313 1903 naturalem
336 1863 520 1915 agnovit,
543 1864 629 1902 cum
654 1863 693 1902 in
707 1858 810 1902 Psal.
831 1878 854 1903 2
869 1892 880 1913 ,
907 1863 1003 1904 dixit
1020 1864 1054 1904 ei
1074 1879 1084 1904 :
1103 1864 1232 1904 Filius
1251 1879 1359 1904 meus
1378 1879 1420 1905 es

106 1935 175 1977 111,
200 1943 268 1981 ego
289 1928 403 1968 hodie
423 1929 543 1980 genui
561 1935 610 1969 le.

163 1991 317 2036 Deinde
334 2001 372 2036 et
389 1994 660 2036 sacerdotalem
676 1995 831 2036 contulit
845 1997 880 2037 ei
895 1995 1115 2049 dfgnitatem
1130 2027 1142 2047 ,
1161 1996 1422 2049 quemadmo-

107 2056 199 2097 dum
232 2059 273 2098 in
311 2058 383 2099 alio
407 2057 508 2100 Psal.
537 2074 614 2116 ¹⁰9
631 2090 642 2109 ‚
668 2059 757 2100 dicit
780 2075 789 2099 ε
815 2060 896 2108 Tu,
921 2060 974 2100 fili
996 2062 1048 2100 mi
1066 2091 1077 2112 ‚
1103 2059 1283 2100 sacerdos
1305 2073 1349 2101 es
1374 2061 1417 2101 in

106 2130 293 2163 aternum
314 2125 522 2163 secundam
541 2126 713 2164 ordinem
738 2126 1038 2166 Melchisedech.

166 2185 303 2237 (Ecce
319 2188 488 2229 divinam
506 2187 645 2231 Christi
667 2191 855 2244 pontificis
873 2192 1168 2240 ordinationerm
1189 2191 1293 2234 hunc
1310 2205 1419 2246 pon-

106 2252 249 2294 tificem
267 2268 369 2295 nunc
383 2254 512 2296 videte
537 2270 604 2310 pro
621 2259 828 2311 semetipso
848 2258 1050 2307 orantem.)

164 2326 265 2370 Cum
284 2327 407 2370 adhuc
422 2330 462 2368 in
479 2328 551 2370 hac
573 2329 699 2370 nostra
718 2330 867 2373 infirma
882 2338 921 2372 et
941 2331 1088 2372 mortali
1118 2346 1232 2373 carne
1251 2333 1419 2382 viveret,

105 2408 263 2448 preces,
290 2409 429 2448 easque
446 2395 555 2437 valde
570 2396 777 2438 submissas
794 2397 930 2440 obtulit
959 2395 1046 2441 Deo
1065 2396 1169 2441 Patri
1191 2400 1253 2453 qui
1272 2403 1420 2452 poterat

105 2458 210 2501 inum
230 2463 251 2501 a
266 2468 389 2502 morte
406 2464 586 2503 suscitare
602 2476 612 2510 ;
1363 2478 1367 2484 ·
