1474 2658
99 91 186 151 494
397 105 532 136 monx
563 105 724 136 numm
753 107 815 139 m·
842 94 1129 151 venenox?

98 162 295 212 mysticum
317 161 358 200 S.
386 163 490 200 Pauli
513 163 554 201 in
573 162 734 214 epistola
756 168 804 204 ad
829 168 1003 208 Hebraeos
1028 156 1230 249 sllenliltm‘
1237 173 1293 214 de
1307 144 1413 226 pnu'e‘

149 224 188 258 et
202 219 291 257 vino
309 220 532 270 explicatur.
559 225 617 260 Vl.
645 226 730 261 138.

625 310 870 346 SIMOMAM.

97 381 327 428 Simoniani,
355 383 518 421 Simonis
537 385 634 433 Magi
657 386 856 436 discipuli,
883 389 1069 428 docebant
1091 400 1168 430 non
1191 394 1408 443 Christum,

145 439 211 476 sed
228 441 382 488 angelos
399 445 537 479 noslrae
555 443 687 479 salutis
704 449 876 482 auctores
895 457 989 484 esse.
1009 447 1084 486 lv.
1106 453 1192 487 202.

88 493 229 532 Contra
250 508 314 533 eos
331 501 377 535 D.
397 496 557 534 Paulus
546 511 587 534 m
607 498 768 546 epistola
792 503 841 538 ad
858 504 1094 542 colossenses
1111 506 1250 552 passim
1266 507 1395 545 multis

136 553 303 591 inlocis.
326 559 417 603 cap
444 560 475 592 1.
498 549 545 600 fi.
568 559 624 592 16.
645 567 729 604 cap
751 560 786 594 2.
806 553 853 604 fi.
877 563 911 596 ⁴.
933 565 971 599 8.
997 565 1054 598 ιο.
1078 566 1137 600 18.
1160 566 1221 602 1⁹.

87 611 277 653 Christum
294 625 371 650 non
389 614 593 652 credebant
612 618 726 663 caput
747 617 936 657 Ecclesiae.
955 618 1031 661 lv.
1053 623 1140 661 350.

602 700 887 738 SIMPLICITAS.

86 758 132 814 D.
153 779 286 814 Paulus
299 780 381 814 vult
394 778 625 816 Christianos
643 780 694 817 ita
710 781 901 830 simplices
915 784 954 820 in
968 787 1067 822 malo
1078 813 1089 831 ,
1109 797 1175 822 seu
1191 785 1244 822 ita
1256 786 1392 833 boum,

137 839 180 871 ut
195 846 273 871 non
290 836 506 884 decipiant;
522 837 574 873 ita
591 839 816 886 prudentes,
837 845 881 877 ut
893 853 970 878 non
990 843 1241 892 decipiantur.
1255 843 1292 882 Ι.
1307 847 1413 881 400.,·

609 925 861 960 SOBRIETAS.

84 1001 229 1048 Duplex
246 999 425 1036 sobrietas
440 1001 551 1037 nobis
570 1002 617 1038 ad
634 1003 791 1039 salutem
811 1003 1033 1042 necessaria.
1052 1004 1127 1046 lv.
1149 983 1235 1045 469.
1258 1011 1343 1046 470.

85 1054 276 1092 Sobrietas
295 1056 452 1093 maximi:
471 1058 510 1092 in
527 1062 621 1104 potu
641 1058 734 1095 vini.
756 1058 904 1105 Quare?
923 1059 976 1101 V.
1000 1065 1086 1099 342.

85 1111 238 1149 Bibaces
255 1116 343 1148 sunt
362 1114 564 1162 mancipia.
585 1114 639 1154 V.
662 1119 750 1153 346.

583 1197 893 1233 SOLLICITUDO.

88 1274 213 1319 Qualis
239 1274 373 1310 debeat
400 1285 480 1311 esse
508 1274 705 1312 fortiorum
733 1286 822 1323 erga
853 1276 1054 1314 debiliores
1073 1277 1318 1316 sollicitudo?
1335 1283 1394 1319 vl.

138 1334 224 1367 292.

603 1383 612 1390 ”
667 1395 818 1428 sopon.

88 1471 251 1521 Spiritus
267 1473 433 1522 soporis,
451 1475 772 1523 compunctionis
793 1475 916 1521 Quid?
932 1476 966 1512 Ι.
987 1480 1073 1512 289.

513 1542 520 1549 “
683 1564 807 1597 sons.

90 1650 218 1682 Nostra
239 1646 385 1683 vocatio
405 1646 593 1693 quomodo
612 1656 690 1681 sors
721 1655 763 1680 ex
783 1631 888 1692 parte
909 1643 1063 1680 nostrat?
1080 1642 1150 1683 IV.
1169 1649 1231 1681 22.

90 1705 283 1749 Quomodo
302 1703 643 1751 praedestinationis
661 1702 817 1739 effectus
835 1713 877 1738 ex
897 1707 1004 1750 parte
1019 1701 1115 1739 Dei?
1132 1702 1232 1739 Ibid.

90 1763 210 1805 Quare
230 1760 430 1797 haereditas
449 1763 580 1797 vocata
601 1759 707 1795 sors?
725 1759 825 1796 Ibid.

686 1856 803 1889 SPES.

89 1931 184 1980 Spes
206 1935 354 1968 aeternae
377 1931 644 1977 beatitudinis,
675 1931 830 1968 tertium
860 1930 1003 1968 Christi
1032 1933 1314 1969 documentum.
1344 1932 1399 1974 V.

142 1995 227 2027 355.

91 2048 207 2093 Hujus
226 2058 306 2095 spei
325 2047 478 2083 motiva
499 2046 553 2085 V.
576 2050 661 2083 356.
683 2051 768 2085 357.

91 2103 359 2151 Perpendenda
372 2106 416 2139 'et
433 2103 606 2150 uigentia
625 2103 672 2139 ad
691 2114 807 2151 spem.
831 2102 932 2139 Ibid.
953 2102 1047 2140 vide
1065 2100 1285 2140 Beatitudo.

92 2158 186 2206 Spes
205 2159 380 2194 anchora.
406 2157 551 2204 Quale?
569 2157 754 2197 VL120.

93 2216 207 2252 Cordi
228 2216 297 2251 Dei
315 2215 399 2251 fixa.
422 2214 495 2253 VI.
520 2220 605 2252 123.

90 2271 301 2309 Discrimen
321 2271 420 2307 inter
443 2271 540 2307 hanc
560 2276 596 2308 et
615 2272 706 2309 alias
725 2273 921 2310 anchoras.
946 2276 1031 2309 120.

90 2332 195 2376 Duo,
216 2328 412 2376 promissio
428 2331 466 2364 et
479 2329 735 2375 juramentum
753 2330 823 2370 Dei
840 2341 946 2379 spem
963 2333 1130 2368 nostram
1145 2328 1306 2367 firmant.
1326 2326 1401 2369 VI.

147 2391 442 2426 119.120.123.

93 2444 254 2494 Sperent
271 2454 401 2482 omnes
418 2442 640 2482 Christiani.
661 2445 735 2487 VI.
759 2450 842 2485 123.
