1410 2638
217 140 220 147 Ι
290 58 299 62 ”
369 68 819 123 m‘mx‘tx‘poszno.
854 75 970 135 Cap
984 79 1026 126 1.
1329 85 1357 129 3

97 148 138 167 82⁰⁷

41 194 1326 239 affy—mmm

427 291 611 341 CAUT
641 293 938 343 PRIMUM.

551 427 836 483 Parophrasis.

39 513 190 594 Deus
209 548 301 592 olim
319 551 360 592 in
378 551 501 593 veteri
520 547 775 593 Testamenta
794 551 962 606 patribus
980 553 1119 594 nostris
1134 552 1278 599 locutus
1295 566 1354 601 est

33 629 111 670 perf
122 616 248 657 varios
268 611 475 673 propbetas
495 628 629 656 servos
648 628 739 657 suos
754 645 767 667 ‚
786 615 948 658 diversis
969 618 1206 672 temporibus
1218 651 1231 674 ‚
1247 623 1351 666 mul-

17 687 19 690 ’
37 681 85 722 ris
105 681 297 734 variisque
320 677 472 730 modis,
494 677 623 732 figuris
641 685 678 720 et
696 679 1021 722 similitudinibus.

85 742 144 788 'At
161 744 221 787 bis
239 746 380 787 nostris
399 743 536 786 diebus
556 745 672 788 nobis
699 745 846 788 locutus
866 753 923 789 est
945 762 1011 803 per
1032 751 1188 794 unicum
1210 750 1350 797 Filium

37 822 146 854 suurn
167 807 304 852 Jesurn
323 806 519 852 Christum
535 840 545 859 ‚
573 810 693 864 ipsam
715 808 790 852 Dei
814 814 1039 867 sapientiam
1054 844 1065 863 ‚
1086 822 1349 874 aeternamque

34 876 260 924 veritatem3
284 880 323 916 et
339 873 428 916 ideo
447 873 719 929 prophetarum
738 872 976 931 Prophetam
995 909 1005 930 ‚
1027 892 1239 938 omnesque
1258 898 1348 939 pro-

33 935 172 993 phetas
193 937 339 980 infinite
357 944 615 993 superantem.

87 993 217 1048 Quem
238 992 379 1037 Filium
393 1027 405 1046 ,
435 1001 476 1038 ut
501 993 676 1038 Verbum
706 1010 793 1039 caro
826 995 987 1048 sactum,
1012 994 1120 1042 Deus
1151 1007 1343 1048 constituit

35 1063 207 1123 numium
225 1061 416 1102 bonorum
437 1074 592 1103 suorum
610 1060 807 1105 haeredem
824 1069 862 1104 et
882 1060 1111 1107 Dominum.

89 1123 170 1168 Per
187 1140 324 1181 quem,
347 1134 386 1168 ut
410 1124 584 1169 Verbum
612 1134 799 1170 aetemum
818 1159 830 1182 ,
852 1130 956 1183 quasi
985 1143 1055 1183 per
1083 1131 1211 1175 ideam
1238 1150 1347 1179 suam

28 1188 122 1234 fecit
139 1197 313 1246 tempora
333 1197 372 1232 et
387 1193 516 1233 omnia
531 1194 769 1245 temporaria.

13 1292 16 1293 γ
84 1252 138 1298 Et
154 1258 194 1297 in
210 1255 271 1297 his
291 1256 441 1297 duobus
457 1254 572 1297 Jesus
592 1254 766 1299 Christus
782 1256 929 1298 infinite
950 1259 1071 1311 major
1091 1267 1146 1302 est
1162 1265 1346 1308 omnibus

3 1317 6 1328 '
30 1320 265 1376 wiardus,
281 1318 457 1363 Judaicae
475 1324 619 1363 tantum
637 1322 760 1376 gentis
782 1324 965 1377 patribus,
986 1331 1024 1366 et
1045 1328 1240 1380 cujusdam
1257 1337 1341 1373 ter-

0 1371 11 1446 ’γ
30 1400 139 1434 reum
153 1387 401 1444 portiunculae
419 1387 655 1432 haeredibus.

6 1447 13 1494 ζ
89 1452 171 1509 Qui
191 1450 268 1496 Dei
286 1451 429 1507 Filius,
448 1456 535 1496 cum
550 1455 597 1495 sit
611 1459 779 1496 aetemus
797 1461 963 1509 paternae
982 1454 1114 1510 gloriae
1132 1459 1337 1515 splendor,

0 1508 79 1581 [tab
103 1533 152 1562 eo
168 1533 328 1562 manans
347 1518 475 1562 lumen
495 1519 543 1561 de
562 1518 730 1574 lumine,
759 1526 796 1561 et
817 1521 865 1561 sit
888 1521 1014 1574 imago
1032 1535 1213 1576 expressa
1237 1527 1339 1568 sub-

27 1586 176 1628 stantiae
194 1584 315 1632 illius;

87 1647 260 1704 AEqualis
277 1645 406 1699 Patri,
430 1655 469 1690 et
482 1650 545 1703 qui
564 1663 651 1690 cum
669 1662 716 1690 eo
732 1678 743 1699 ‚
765 1655 858 1690 nutu
875 1661 953 1690 suae
972 1651 1250 1703 potentissimae
1264 1669 1335 1697 vo-

14 1715 179 1769 luntatis
192 1743 203 1762 ,
229 1714 357 1753 omnia
375 1719 559 1755 sustentat
580 1720 618 1755 et
636 1715 732 1767 regit
752 1726 839 1768 quae
858 1713 1030 1756 condidit
1050 1730 1060 1755 :

2 1783 23 1791 ’“
82 1775 136 1821 Et
166 1792 235 1833 per
260 1776 345 1821 haec
373 1777 456 1834 plus
483 1779 596 1834 quam
623 1777 771 1819 infinite
803 1785 955 1833 superat
983 1776 1180 1834 Moysen,
1205 1784 1335 1839 populi

18 1840 218 1893 israelitici
236 1850 424 1886 rectorem
437 1874 449 1898 ,
470 1850 508 1886 et
528 1842 754 1899 quibusdam
770 1875 783 1897 ‚
806 1858 856 1886 ex
875 1841 954 1886 Dei
976 1847 1167 1888 consortio
1181 1877 1193 1900 ‚
1219 1848 1333 1891 radiis

50 1907 223 1951 lustrem.

13 1990 25 2027 ξ
78 1971 262 2017 Nostram
275 1976 582 2028 tamenrnaturam
592 1970 798 2014 humanam
809 1974 1026 2027 assumpsit,
1038 1973 1078 2013 in
1087 1969 1174 2027 qua,
1184 1981 1224 2017 ut
1233 1989 1337 2020 sum·

16 2054 106 2086 mus
116 2038 434 2093 sacerdos,totius
449 2038 747 2094 mundipeccata
770 2041 809 2080 in
830 2036 893 2080 ara
903 2040 1022 2080 crucis
1049 2041 1232 2093 expiavit,
1257 2056 1338 2086 non

10 2098 13 2103 ¹
108 2105 298 2162 pecudum
313 2106 534 2167 sanguinem
547 2136 558 2158 ‚
579 2103 649 2146 sed
666 2118 734 2159 per
748 2105 944 2160 proprium
957 2104 1183 2158 sanguinem
1210 2119 1342 2156 suum,

82 2168 174 2225 Qua
193 2170 414 2224 expiatione
435 2168 587 2224 peracta
602 2200 613 2220 ,
639 2171 845 2211 resurrexit
874 2167 1083 2223 gloriosus,
1108 2169 1281 2213 ascendit
1297 2173 1339 2215 in

98 2253 184 2291 um,
207 2237 273 2279 ubi
291 2235 432 2278 assidet
453 2234 609 2291 aequalis
637 2233 767 2287 Patri,
800 2234 976 2290 ejusdem
999 2249 1086 2278 cum
1104 2249 1153 2278 eo
1182 2250 1340 2281 consors

67 2315 183 2347 mmae
202 2301 408 2353 majestatis
423 2330 436 2353 ,
455 2304 655 2355 potestatis
675 2307 714 2343 et
733 2300 863 2356 gloriae
887 2315 898 2341 ε

78 2368 133 2414 Et
161 2372 201 2412 in
227 2368 293 2411 his
329 2384 410 2412 non
441 2365 639 2412 Aaronem
670 2373 818 2411 tantum
847 2368 1174 2426 superathonore,
1213 2369 1282 2412 sed
1305 2377 1344 2413 et

87 2449 157 2482 nes
176 2448 330 2492 prorsus
347 2434 525 2478 homines
545 2443 581 2479 et
603 2433 801 2490 Angelos.
