1430 2658
84 87 163 134 ωδ
440 87 663 121 EPISTOLAE
691 85 751 123 ΑΒ
782 82 995 115 uennAEos

441 281 746 323 Commentarius
768 279 808 317 in
831 273 931 340 Cap.
955 273 995 315 6.

79 370 394 457 QUAPROPTER
417 414 427 438 ε
446 397 526 439 haec
548 397 658 437 illatio
678 393 872 434 deducitur
890 405 940 454 ex
966 392 1193 446 omnibus}
1213 388 1272 448 Y.
1294 407 1344 435 n
1357 430 1375 457 ᾗ

75 466 183 507 dictis
204 467 242 506 in
261 479 343 518 cap.
365 463 411 513 5,
432 463 533 516 quasi
555 460 693 501 diceret
712 474 721 498 :

134 521 234 582 Quia
249 528 495 583 perfectorum
512 524 648 565 solidus
671 529 725 564 est
744 522 849 563 cibus
866 553 877 572 ,
901 520 1100 565 infantium.
1117 525 1210 564 vero
1222 512 1286 564 lac
1299 551 1312 573 ‚
1333 528 1377 564 et

74 611 126 639 ne
146 610 214 636 vos
235 595 370 636 diutius
386 593 474 634 tales
493 591 669 631 maneatis
687 587 812 642 quales
831 586 938 639 dixi,
958 585 1120 628 infantes
1137 586 1371 642 achparvulh

77 660 145 702 sed
163 664 184 701 ὲ
203 664 341 709 contra,
357 663 394 698 ut
411 657 480 697 viri
498 654 649 696 tandem
666 651 823 708 perfecti
842 666 926 694 esse
938 653 1133 704 nitamini,
1153 651 1242 695 ideo
1256 654 1378 695 omit-

78 733 212 767 tamus.
1098 729 1100 734 ’
1389 718 1393 722 “

135 789 387 831 Hebraeorum
402 788 502 828 enim
519 785 771 825 infirmitatem
785 783 1031 836 exprobravit
1046 780 1256 837 Apostolus
1268 813 1280 835 ,
1296 797 1378 825 non

77 861 118 895 ut
135 856 299 894 animum
321 850 599 905 despondeant,
621 847 690 888 sed
708 852 749 887 ut
768 860 836 888 eos
854 850 995 888 excitet
1008 855 1052 889 vet
1070 855 1190 889 acuat.

135 918 431 958 Inter-mittentes
446 945 458 964 ,
478 914 517 955 id
538 919 616 963 est,
641 913 874 953 omittentes.
894 908 983 965 Syr.
1005 914 1236 962 omittamus.

135 979 407 1020 Inchoata‘onis.
437 974 504 1018 Gr.
533 977 627 1016 initii
649 972 797 1016 Christi
813 987 1029 1016 sermonem
1045 1005 1058 1027 ,
1081 975 1120 1016 id
1145 982 1231 1029 est,
1265 973 1383 1020 mdi-

78 1038 207 1082 menta
239 1041 445 1083 christianae
478 1039 678 1086 doctrinae3
713 1051 779 1078 seu
814 1039 995 1092 principia
1026 1039 1162 1094 quibus
1198 1037 1314 1080 rudes
1340 1039 1384 1080 iu

75 1101 236 1147 *Christo
251 1137 263 1158 ,
284 1120 348 1146 seu
369 1102 627 1145 catechumeni
644 1103 848 1143 initiantur.

77 1175 93 1184 χ
136 1171 204 1212 Ad
218 1168 456 1223 perfectiora.
487 1166 555 1210 Gr.
581 1168 628 1208 ad
657 1166 931 1223 perfectionem
957 1165 1147 1217 feramur,
1166 1165 1206 1207 id
1223 1171 1311 1219 est,
1333 1163 1389 1207 ad

80 1237 207 1280 altiora
225 1238 392 1290 ejusdem
415 1238 598 1279 doctrinae
620 1237 799 1290 mysteria
820 1235 996 1277 feramur.
1013 1234 1100 1290 Syr.
1115 1237 1330 1277 veniamus.

139 1301 258 1355 Quasi
272 1304 410 1344 diceret
430 1318 442 1342 =
461 1300 486 1343 J
490 1317 549 1343 am
564 1301 700 1342 diutius
716 1300 877 1343 infantes
890 1301 1027 1352 fuistis,
1043 1302 1119 1353 jam
1132 1299 1270 1342 diutius
1281 1307 1389 1357 quasi

83 1367 226 1422 parvuli
244 1367 466 1408 rudimentis
491 1366 718 1414 adhaesistis,
745 1368 818 1417 jam
839 1365 994 1407 tandem
1011 1365 1227 1406 sublimiora
1246 1364 1391 1406 divinae

82 1434 277 1486 sapientiai
301 1444 455 1480 arcana,
481 1438 522 1471 ut
547 1433 616 1471 viri
644 1429 822 1482 perfecti,
847 1431 1072 1482 intelligite;
1101 1426 1140 1470 id
1165 1433 1244 1478 est,
1267 1432 1308 1467 ut
1337 1439 1392 1468 ex

81 1509 163 1549 cap.
193 1510 228 1549 7.
252 1496 419 1550 patebit,
451 1496 584 1548 figuras
613 1497 652 1534 in
684 1496 806 1535 veteri
823 1492 1075 1535 Testamento
1095 1491 1253 1533 latentes
1278 1496 1317 1532 et
1341 1489 1393 1530 ad

81 1560 331 1617 Evangelium
362 1565 593 1619 pertinentes
611 1593 621 1613 ,
657 1578 696 1603 v.
725 1577 778 1617 g.‚
811 1559 1114 1604 Melchisedechi
1135 1557 1393 1600 sacerdotium

87 1628 228 1672 Christi
246 1633 441 1674 sacerdotii
460 1632 615 1685 figuram
636 1631 843 1684 intelligite.

141 1696 236 1737 Non
256 1712 405 1737 rursum
418 1694 978 1749 jacientessundumentum,..
999 1691 1039 1733 id
1055 1698 1138 1742 est,
1158 1705 1239 1732 non
1255 1691 1395 1731 iterum

87 1760 198 1800 vobis
214 1772 259 1799 ea
279 1765 494 1812 repetentes
517 1772 598 1811 quae
619 1757 845 1811 iampridem
868 1756 1049 1796 didicistis
1064 1785 1074 1804 ‚
1101 1761 1137 1795 et
1159 1760 1248 1795 sunt
1268 1752 1397 1794 chris-

88 1824 250 1863 tianismi
275 1820 576 1862 fundamentum.

147 1887 389 1926 Poem‘tentioe
408 1886 458 1926 ab
481 1886 655 1937 operibns
678 1885 860 1933 mortuis,
884 1898 920 1923 v,
948 1898 1002 1936 g.‚
1023 1896 1101 1924 non
1124 1888 1292 1935 repetam
1313 1894 1401 1935 quae

89 1951 272 1992 didicistis
293 1950 340 1990 de
369 1949 587 2004 poenitentizi
617 1947 854 2003 Baptismum
885 1947 1151 2001 praecedente,
1184 1945 1256 2001 qud
1282 1959 1399 1987 rece-

91 2017 190 2059 ditur
216 2020 238 2058 2³
263 2018 426 2070 peccatis
449 2030 535 2070 quae
560 2023 646 2056 sunt
674 2029 788 2070 opera
812 2021 958 2055 mortua
978 2021 1016 2055 et
1045 2020 1208 2055 mortem
1234 2026 1400 2067 prome-

94 2085 229 2125 tentia.

149 2146 201 2186 Et
220 2144 323 2199 fidei
341 2147 396 2186 ad
415 2146 562 2194 Deum,
592 2143 657 2185 hic
679 2151 715 2186 et
744 2146 783 2185 in
805 2144 972 2186 secundo
998 2142 1183 2185 versiculo
1206 2141 1403 2184 subintel-

91 2210 185 2263 lige,
210 2209 303 2250 Non
320 2225 468 2250 rursum
479 2209 669 2262 jacientes
688 2206 989 2259 fundumentum
1004 2238 1017 2257 ,
1046 2221 1113 2249 seu
1133 2220 1214 2248 uon
1227 2212 1403 2259 repetam

92 2287 178 2328 quae
202 2274 313 2315 vobis
335 2273 432 2317 dicta
451 2280 537 2314 sunt
559 2272 607 2314 de
630 2272 707 2315 fide
725 2271 797 2326 qua
816 2273 1002 2314 acceditur
1030 2272 1075 2314 ad
1102 2271 1233 2315 Deum
1255 2272 1320 2324 qui
1341 2275 1405 2312 εει

94 2340 235 2381 animae
257 2340 333 2380 vita
353 2345 390 2379 et
413 2337 499 2378 sons
522 2340 624 2378 vitae.

153 2400 213 2457 Y.
234 2419 275 2446 2.
298 2404 589 2458 Baptismatum
619 2403 831 2453 doctrinoe,
861 2403 900 2444 id
935 2410 1019 2454 est,
1052 2418 1123 2445 nec
1143 2417 1295 2444 rursum
1321 2400 1406 2456 Ja-
