1430 2658
160 126 215 182 :16
515 129 728 161 EPISTOLAE
757 126 816 157 AD
846 123 1056 156 uEBRAEOS

190 180 193 186 r
213 196 265 239 Ut
278 203 398 237 aurem
413 193 539 234 omnia
552 188 727 247 adaptent
738 188 856 230 verbo
874 184 965 238 Dei,
979 184 1320 226 tribuuntsermoni
1331 185 1430 241 quod

155 260 230 304 Dei
253 261 438 313 proprium
464 264 532 298 est.
1226 265 1231 267 -

210 322 333 374 Hujus
353 322 539 374 opinionis
559 326 614 361 est
632 315 757 359 Estius
775 331 784 356 :
804 314 983 356 videatur.
1214 337 1215 340 =
1334 369 1338 372 Δ

208 385 326 428 Juxta
343 385 433 426 alios
448 415 459 435 ‚
479 397 609 424 sensus
627 381 687 422 hic
705 387 761 422 est
778 396 787 422 :
804 377 1007 421 Credamus
1020 372 1094 418 Dei
1114 374 1242 420 Verbo
1259 408 1271 432 ,
1289 385 1364 423 etc.
1379 395 1430 424 ne

154 464 346 507 pereamus
361 480 371 500 ⁷
394 455 465 489 etc.

208 515 402 570 Quidquid
422 515 520 555 enim
542 508 730 559 Christus,
756 506 923 550 Verbum
943 504 1042 557 Dei,
1069 502 1189 548 Filius
1205 504 1306 558 Dei,
1329 523 1428 565 pro-

142 582 265 637 pheta
276 612 286 631 ‚
302 580 500 633 doctorque
516 582 665 625 noster,
684 573 771 614 vide
787 587 864 626 cap.
885 587 919 612 1.
933 565 979 614 Ῠ.
1000 586 1017 612 1
1035 600 1048 621 ‚
1061 571 1175 613 nobis
1183 571 1334 616 iocatus
1347 581 1428 627 est,

153 649 234 687 sive
256 645 468 699 promittens
482 672 492 691 ‚
511 643 590 681 sive
610 641 858 698 comminans,
877 635 965 676 illud
982 634 1143 687 efficiet,
1163 638 1251 692 quia
1267 640 1379 681 vivus
1393 645 1430 682 et

151 711 410 762 omnipotens;
439 713 474 747 et
511 710 781 757 consequenter
813 700 1022 757 incredulos
1046 700 1270 755 damnabit,
1293 702 1429 745 fideles

150 773 317 814 salvabit.

206 841 319 884 Hunc
334 854 466 893 sequor
485 853 654 887 sensum,
678 843 753 878 tum
771 837 854 890 quia
871 849 953 891 cap.
977 851 1014 877 1.
1036 832 1082 886 fr.
1107 851 1126 877 1
1143 868 1156 890 ‚
1175 834 1350 880 Christus
1366 840 1429 881 in-

148 908 285 949 dicatur
304 904 466 948 Verbum
485 903 557 945 Dei
578 919 587 943 ε
605 903 767 943 Locutus
780 908 835 941 est
850 902 961 941 nobis
979 902 1020 941 ιή
1038 902 1143 942 Filio
1152 916 1172 952 ‚-

203 971 303 1014 Tum
320 972 401 1025 quia
414 976 509 1010 totus
534 966 583 1016 V.
603 968 663 1008 13.
680 981 754 1007 non
770 973 893 1021 potest
906 967 978 1007 nisi
997 971 1127 1010 coacte
1144 966 1193 1009 de
1210 969 1333 1010 verbo
1349 966 1428 1010 Dei

145 1035 284 1090 prolato
300 1033 482 1088 explicari.
499 1030 647 1084 Singula
664 1030 815 1072 attende
836 1030 967 1071 verba.

199 1101 348 1141 Etenim
361 1129 371 1147 ‚
386 1097 468 1139 haec
480 1095 649 1150 particula
662 1095 760 1136 hunc
773 1110 923 1137 versum
939 1096 1056 1137 nectit
1069 1109 1156 1136 cum
1168 1095 1426 1151 praecedente,

144 1165 277 1221 datque
294 1167 471 1205 rationem
492 1164 540 1203 ob
559 1175 667 1216 quam
690 1160 844 1202 Hebraei
863 1161 1027 1203 debeant
1046 1163 1182 1204 timere
1203 1177 1253 1205 ne
1275 1162 1341 1204 sua
1363 1164 1428 1204 in-

142 1229 314 1270 fidelitate
334 1230 526 1282 puniantur
543 1228 637 1267 sicut
661 1233 785 1280 patres
802 1240 946 1268 eorum.
1163 1238 1168 1245 “

198 1293 310 1335 Ratio
333 1300 453 1334 autem
475 1299 530 1334 est
551 1294 634 1346 quia
651 1289 830 1334 Christus.
1206 1326 1214 1339 ,
1270 1322 1273 1325 -

201 1355 316 1399 Vivus
334 1366 410 1407 est,
446 1359 519 1398 vita
548 1364 584 1398 et
617 1355 699 1397 fons
718 1359 824 1408 vitoe,
849 1355 954 1399 Deus
985 1359 1115 1400 vivus.
1138 1354 1242 1398 Vide
1272 1370 1357 1412 cap.
1379 1354 1420 1398 3.

145 1418 200 1473 37.
234 1437 304 1472 12,
333 1428 367 1462 et
400 1426 669 1474 consequenter
702 1424 826 1461 omnia
854 1421 1012 1472 videns,
1041 1422 1170 1463 omnia
1193 1427 1426 1475 penetrans,

142 1501 218 1528 non
236 1486 305 1527 salli
324 1493 460 1539 potest.
1323 1484 1325 1488 ’

197 1552 248 1592 Ει
270 1550 429 1604 efficax.
459 1548 542 1605 Syr.
577 1551 730 1592 omnino
759 1550 895 1594 efficax
913 1585 925 1605 ‚
958 1553 998 1621 id
1026 1558 1109 1603 est,
1144 1551 1429 1605 omnipotenter

142 1631 272 1670 agens,
304 1632 368 1658 seu
395 1616 588 1657 efficaciter
616 1631 811 1671 exequens
834 1619 1043 1675 quidquid,
1064 1623 1126 1659 aut
1145 1618 1342 1671 promisit,
1366 1621 1429 1656 aut

142 1684 380 1724 comminatus
398 1688 465 1723 est.

195 1747 478 1787 penetrabilior.
496 1744 584 1800 Syr.
601 1746 784 1800 longeque
803 1748 1050 1801 praestantior.
1391 1799 1414 1806 .-

197 1810 287 1853 Hoc
305 1820 498 1865 penetrans
517 1813 644 1853 dieitur
665 1813 762 1866 quod
788 1812 995 1868 ingreditur
1019 1811 1207 1868 profunda
1226 1815 1281 1855 rei
1300 1828 1311 1858 ς
1334 1812 1430 1855 nihi}

143 1884 265 1918 autem
289 1883 359 1917 tam
383 1876 602 1930 profundum
633 1878 733 1931 quod
769 1876 937 1920 Christus
961 1892 1040 1920 non
1070 1885 1273 1932 penetret:
1294 1877 1343 1920 ad
1362 1880 1430 1920 in-

144 1941 231 1980 tima
249 1939 433 1993 pervadit.

202 2003 320 2043 Omni
340 2004 465 2054 gladio
495 2005 667 2058 ancipiti.
692 2003 758 2047 Gr.
773 2003 961 2058 ἒίστομος
983 2038 992 2059 ,
1012 2008 1076 2061 qui
1096 2006 1173 2048 duo
1195 2007 1314 2049 habet
1335 2022 1427 2059 ora,

147 2078 212 2106 seu
228 2064 382 2118 utraque
405 2072 507 2118 parte
526 2073 650 2108 acutus
664 2098 674 2118 ‚
696 2071 732 2108 in
750 2078 942 2125 utramque
959 2077 1106 2125 partem
1126 2083 1274 2112 secanS.
1316 2090 1317 2093 ¹

203 2130 254 2170 Ει
268 2131 480 2182 pertingens
496 2147 609 2185 Vsque
627 2133 680 2172 ad
693 2134 914 2175 divisionem
931 2137 1080 2177 onr'moe
1090 2165 1104 2186 ,
1125 2135 1164 2177 id
1183 2141 1241 2178 esi
1253 2166 1265 2187 ‚
1279 2133 1346 2177 su&
1362 2149 1430 2190 pe-

145 2199 349 2236 netratione
366 2195 536 2236 dividens
554 2199 713 2238 animam
732 2202 753 2239 a
773 2202 899 2254 spiritu
916 2231 926 2251 ‚
945 2201 984 2241 id
1000 2208 1083 2252 est,
1105 2201 1342 2255 distinguens
1359 2214 1430 2241 co-

146 2263 340 2314 gitationes
358 2268 393 2301 et
414 2268 534 2302 motus
555 2265 691 2304 animae
704 2271 718 2315 ,”
736 2280 801 2306 seu
821 2268 932 2318 partis
952 2258 1120 2310 animalis
1135 2298 1146 2320 ‚
1179 2271 1202 2310 a
1221 2268 1430 2322 cogitatio-

145 2327 254 2367 nibus
274 2333 310 2367 et
332 2329 471 2367 actibus
489 2327 637 2381 spiritus
657 2358 667 2378 ‚
688 2344 754 2371 seu
771 2333 882 2383 partis
901 2336 1117 2386 superioris.

201 2387 253 2431 Et
269 2397 536 2446 consequenter
556 2395 680 2433 omnia
703 2409 785 2448 quae
806 2402 892 2436 sunt
917 2398 956 2437 in
983 2396 1144 2441 homine
1172 2400 1294 2454 magis
1323 2398 1430 2440 unita

146 2454 418 2495 distinctissime
438 2468 687 2507 cognoscenS.
