1474 2658
117 68 204 115 380
428 59 560 110 mntx
589 77 740 110 numm
769 79 825 110 ET
854 78 1114 111 vrnnoimn.

117 141 266 190 Tripiex
283 142 326 178 fit
343 139 472 178 messis
498 150 567 187 pro
585 149 662 176 uno
680 138 838 176 semine.
859 138 935 176 ΠΙ.
970 141 1053 176 191.
1078 141 1163 176 192.

120 201 279 234 Sanctus
299 196 516 234 divitiarum
542 207 645 232 usus.
663 193 763 232 Ibid.
780 194 884 235 Vide
897 195 940 232 Ε
941 195 1177 245 leemosyna·

531 274 710 306 mvlTIAE
735 274 1024 308 CHRISTIANAE.

117 345 267 382 Divitiae
285 346 499 383 christianae
517 357 663 394 semper
689 346 864 393 optandae
880 372 890 391 ,
911 355 1059 394 semper
1077 343 1273 393 augendae.
1293 336 1347 385 V.
1361 348 1398 382 6.

167 403 274 440 Fides
291 404 437 441 scilicet
454 408 492 442 et
510 405 684 441 charitas.
702 403 802 440 Ibid.

116 460 223 495 Unde
244 459 393 497 illarum
426 463 671 507 augmentum
695 459 951 507 dignoscitur!
987 457 1090 497 Ibid.
1115 458 1315 507 pulchram
1337 456 1426 496 vide

167 518 469 556 similitudinem.
814 529 865 579 ff

513 597 691 631 DOCTOR
718 597 1042 632 EVANGELICUS.

115 675 294 714 Doctoris
312 675 527 723 evangelici
541 681 703 723 quatuor
721 679 810 712 sunt
824 676 959 712 officia.
985 673 1039 713 V.
1061 677 1148 712 293.
1170 677 1256 711 294.

81 733 86 738 '
114 735 171 772 Ad
190 734 268 771 haec
291 734 415 781 utilis,
441 732 516 769 imo
540 733 749 770 necessaria
775 745 879 770 sacra
897 732 1101 780 Scriptura.
1123 731 1224 769 lbid.

113 794 269 839 Semper
286 795 342 827 est
361 795 509 840 tempus
525 791 719 828 veritatem
738 789 898 826 docendi
916 816 927 837 ,
953 788 1096 836 ubique
1112 789 1233 826 locus.

164 849 216 890 V.
240 854 326 888 312.

112 911 281 954 Quatuor
298 908 463 952 doctoris
483 906 692 954 evangelici
709 909 848 954 partes.
868 905 971 942 Ibid.

110 965 295 1002 Medicum
314 977 354 1002 se
370 965 573 1002 arbitretur
587 991 597 1009 ‚
620 973 752 1000 sanare
765 966 922 1010 quaerat.
939 961 987 1000 V.
1011 961 1100 1013 396.

111 1017 293 1060 Omnibus
312 1029 439 1062 utatur
453 1023 642 1060 remediis.
665 1021 765 1059 Ibid.

110 1081 273 1117 Lenibus
291 1086 417 1119 tamen
431 1082 532 1119 acria
549 1084 747 1130 temperet.
769 1079 865 1117 ibid.

109 1141 250 1176 Doctor
268 1141 409 1177 canalis
431 1146 486 1178 est
514 1139 726 1189 sapientiae3
746 1143 845 1175 Deus
867 1140 993 1173 autem
1010 1136 1106 1173 fons.
1136 1135 1187 1175 11.
1209 1142 1271 1175 67.

108 1197 205 1235 Hinc
223 1199 355 1237 doctor
370 1213 437 1250 per
456 1194 731 1249 respectumad
745 1202 862 1234 Deum
883 1195 1107 1242 audiendus,
1127 1201 1166 1234 et
1181 1196 1423 1233 consideran-

160 1257 243 1295 dus.
267 1259 366 1296 Ibid.
652 1294 666 1314 ὅ

104 1314 242 1352 Bibens
276 1317 323 1354 de
357 1318 500 1365 rivulo,
536 1316 674 1365 gratias
692 1326 761 1363 age
780 1314 893 1352 fonti.
915 1312 1016 1350 Ibid.
1055 1311 1160 1352 Vide
1195 1311 1414 1360 Sapientia,

156 1371 290 1421 Liber,
312 1375 486 1412 Canales.

106 1429 194 1466 Duo
212 1432 260 1467 ad
279 1432 493 1468 docendum
513 1428 721 1468 necessaria
736 1457 745 1473 ‚
768 1429 926 1466 scientia
953 1431 992 1464 ct
1018 1426 1192 1463 charitas.
1223 1423 1254 1461 1.
1279 1428 1366 1462 387.

106 1489 178 1534 Qui
194 1491 325 1541 docet,
345 1493 384 1526 et
409 1501 486 1526 non
505 1487 725 1535 facit-quod
742 1486 875 1530 docet,
903 1485 935 1520 is
953 1494 992 1520 se
1011 1493 1079 1519 suo
1099 1493 1162 1519 ore
1180 1482 1422 1533 condemnat.

159 1544 190 1583 1.
261 1576 269 1584 .

104 1550 248 1641 Caveri:
266 1605 399 1653 doctor
414 1632 424 1649 ‚
445 1603 610 1639 director
623 1631 632 1647 ‚
653 1599 826 1636 minister
842 1598 1050 1635 animarum
1064 1626 1075 1642 ,
1094 1607 1144 1634 ne
1163 1607 1225 1634 eas
1241 1595 1289 1633 ad
1305 1605 1346 1631 se
1363 1596 1421 1632 al-

155 1664 283 1710 liciat,
304 1669 346 1702 ut
361 1675 423 1701 eas
445 1663 631 1717 retineat,
654 1665 694 1698 et
715 1659 828 1696 saciat
846 1670 954 1703 suas;
979 1658 1045 1694 sed
1063 1658 1112 1695 ad
1129 1662 1249 1708 Deum
1271 1655 1422 1692 referat.

102 1723 441 1820 Dirlgetffi‘animas
459 1778 682 1815 christianas
696 1777 911 1814 consideret
931 1779 975 1812 ut
994 1786 1150 1824 sponsas
1166 1773 1323 1812 Christi.
1344 1772 1418 1812 ΠΙ.

101 1845 246 1939 Οαὲἒειιῑ.
258 1897 378 1936 omnis
397 1894 518 1931 anima
544 1893 768 1939 christiana,
795 1903 844 1929 ne
861 1868 1004 1928 Christi
1022 1890 1195 1928 ministro
1209 1891 1418 1928 adhaereat:

152 1958 324 1994 minister
341 1957 416 1997 est,
437 1952 577 1988 canalis
605 1955 661 1988 est
680 1966 688 1987 ;
713 1951 778 1986 >ad
808 1948 1011 1987 Dominum
1027 1974 1039 1993 ‚
1071 1949 1119 1984 ad
1157 1947 1302 1984 fontem
1323 1959 1420 1985 ocu-

152 2016 212 2051 ios
225 2014 384 2051 attollat.
405 2009 454 2044 [Ι.
471 2013 549 2046 22.·

75 2113 78 2116 ,
102 2074 308 2120 Antiquum
326 2070 366 2106 in
386 2066 604 2104 doctoribus
618 2065 751 2102 vitium
768 2064 958 2102 vanitatis.
976 2063 1030 2103 V.
1050 2064 1114 2103 77.

102 2132 248 2180 Duplex
264 2130 305 2165 in
326 2124 544 2164 doctoribus
562 2123 726 2167 vanitas„
747 2121 849 2160 Ibid.

625 2203 921 2237 DOMESTICUS.

104 2283 292 2327 Quantum
310 2277 453 2315 crimen
481 2286 568 2311 suos
593 2277 799 2324 negligere.
821 2274 873 2312 V.
898 2279 982 2312 1¹19.

528 2347 755 2394 Dommus,
785 2350 1024 2385 hommum.

107 2411 281 2464 Christus
297 2423 318 2462 ἒι
334 2424 458 2474 primo
477 2422 633 2462 instanti
648 2435 773 2461 rerum
792 2423 961 2461 omnium
979 2420 1050 2459 suit
1063 2419 1258 2458 Dominus.
1277 2418 1310 2458 Ι.
1332 2421 1416 2458 365.
