1430 2658
359 95 547 131 nrum
573 52 818 140 Enosis-10.
848 79 950 138 Gap.
981 77 1060 124 IV.
1287 75 1369 124 105

51 161 310 246 &RQ
319 187 341 212 »r
351 157 520 206 nescita
536 169 677 212 segnes
692 154 910 199 efficiamini
929 162 968 198 et
984 153 1238 210 languidiores
1252 156 1368 208 quam

34 258 35 261 =
48 244 83 272 v

81 227 259 344 ‘ilsl‘ggf
244 298 267 337 ὲ
286 268 443 347 eontra,
462 294 582 347 magis
601 306 646 335 ac
669 293 788 345 magis
810 293 848 332 in
876 292 982 332 bono
1005 288 1232 344 proficiatis,
1251 302 1367 330 sanc-

0 351 3 361 ι
54 365 181 401 torum
202 357 409 398 imitatores
429 357 493 410 qui
517 352 658 396 Christi
682 355 877 408 promissis
899 353 1060 394 firmiter
1080 351 1280 393 credentes
1294 382 1307 402 ‚
1328 358 1368 394 et

50 425 93 465 in
112 423 304 465 bonorum
328 434 486 474 operum
508 416 690 462 exercitio
713 426 748 461 et
775 419 960 460 malorum
981 417 1160 473 patientia
1184 417 1368 472 longani-

49 489 166 530 miter
181 492 492 539 perseverantes,
513 491 696 526 aeternam
713 483 930 525 felicitatem
949 481 1190 535 haereditario
1210 482 1366 525 tandem

51 553 138 604 jure
164 549 376 605 possident.

110 611 245 657 Unum
261 613 481 668 exemplum
501 611 652 666 profero
665 642 677 662 ‚
699 609 868 655 Abrabae
889 611 1030 653 scilicet
1047 643 1056 663 ,
1083 612 1255 653 omnium
1275 623 1382 652 cre--

52 679 225 721 dentium
244 681 359 733 patris
379 696 391 719 2
408 676 512 720 Deus
535 690 700 732 namque
720 677 771 717 illi
789 679 954 719 maxima
973 677 1171 730 promisit,
1194 677 1369 730 promis-

51 758 170 799 saque
190 758 258 785 sua
283 746 397 787 etiam
417 743 630 795 juramento
655 741 849 790 firmavit;
873 748 911 783 et
935 744 1022 796 quia
1043 739 1150 782 Deus
1170 742 1368 782 neminem

51 809 126 851 sibi
139 805 375 862 superiorem
385 807 502 848 habet
517 821 584 860 per
606 821 720 861 quem
734 808 846 859 juret,
864 821 932 862 per
945 807 1194 860 semetipsum
1214 806 1366 858 juravit.

109 868 163 914 ln¹
185 871 289 914 hunc
314 886 405 928 ergo
430 871 586 913 modum
612 873 745 924 juravit
776 886 787 912 t
821 871 900 911 Per
918 874 1186 924 memetipsum
1204 868 1344 923 juravi
1350 899 1365 919 ,

53 939 148 992 quia
166 937 308 990 fecisti
320 938 425 978 hanc
443 952 522 978 rem
535 966 550 986 ‚
568 944 641 978 etc.
662 934 807 979 Genes.
823 954 892 980 22.
925 935 989 979 16.
1018 936 1254 978 Benedicam
1274 935 1367 982 tibi,

52 1009 91 1042 et
110 1003 379 1057 multiplicabo
401 1017 530 1043 semen
554 1010 663 1041 tuum
675 1031 689 1050 ,
716 1009 789 1043 etc.
812 999 959 1044 Genes.
981 1018 1049 1043 22.
1072 1018 1136 1056 17.

109 1066 311 1112 Abraham
330 1076 460 1110 autem
479 1068 553 1110 hae
568 1066 644 1109 Dei
674 1071 925 1122 promissione
954 1070 1107 1123 accepta
1121 1100 1132 1120 ‚
1161 1066 1237 1110 Dei
1261 1068 1370 1119 jura-

53 1141 187 1176 mento
205 1148 359 1176 securus
372 1165 382 1181 ,
404 1133 520 1187 longo
545 1140 582 1175 et
605 1135 762 1187 patienti
783 1136 909 1175 animo
936 1137 1034 1176 inter
1054 1134 1212 1175 adversa
1233 1146 1371 1187 perse-

54 1211 193 1239 verans
209 1228 220 1247 ‚
240 1211 321 1238 rem
342 1198 415 1238 sibi
435 1198 659 1252 promissam
678 1198 836 1251 adeptus
856 1204 927 1239 est.

84 1289 88 1291 Δ
112 1260 191 1311 (Ita
215 1263 284 1303 erit
304 1268 342 1302 et
360 1261 410 1302 de
427 1262 539 1302 vobis
554 1292 566 1312 ‚
585 1263 615 1301 si
641 1261 839 1307 credentes
860 1264 898 1303 in
918 1261 1107 1302 bonorum
1128 1262 1312 1302 exercitio
1329 1265 1370 1302 et

53 1325 241 1368 malorum
259 1324 438 1380 patientia
455 1325 741 1379 perseveretis.)

113 1385 204 1439 (Ad
227 1387 302 1430 boc
316 1419 328 1439 ‚
350 1387 494 1430 seilicet
510 1419 522 1440 ‚
551 1394 592 1430 ut
611 1391 650 1430 in
670 1388 747 1431 fide
768 1396 806 1431 et
827 1391 865 1431 in
886 1387 1064 1444 patientia
1087 1391 1337 1442 perseveretis
1354 1421 1369 1443 0

53 1452 166 1496 Deus
190 1450 361 1494 Abrahae
387 1451 546 1506 loquens
572 1456 706 1505 juravit
724 1454 759 1504 ;)
798 1457 885 1506 quia
912 1457 1015 1495 enim
1042 1453 1221 1495 homines
1246 1455 1372 1496 solent

56 1531 126 1573 per
139 1520 324 1572 majorem
340 1533 381 1559 se
399 1521 519 1571 jurare
532 1549 543 1568 ‚
561 1525 602 1560 ut
617 1521 815 1561 veritatem
832 1522 853 1560 a
870 1534 910 1561 se
924 1526 1102 1561 assertam
1118 1520 1366 1567 confirment;

53 1585 106 1624 ita
133 1590 173 1624 ut
198 1583 299 1638 apud
322 1583 403 1624 illos
423 1586 676 1635 juramentum
701 1587 747 1626 sit
771 1578 896 1626 omnis
926 1586 1196 1626 controversia:
1225 1585 1309 1626 finis
1331 1590 1372 1626 et

56 1650 226 1690 veritatis
244 1648 480 1690 confirmatio
497 1663 508 1696 ;

114 1711 224 1756 Hinc
249 1712 355 1755 Deus
373 1713 584 1755 humanum
607 1729 754 1771 morem
773 1716 963 1765 imitatus,
990 1718 1076 1756 cum
1094 1714 1207 1756 vellet
1229 1715 1343 1755 nobis
1357 1745 1372 1768 ,

56 1778 310 1834 spiritualibus
328 1777 495 1821 Abrahae
513 1779 611 1828 filiis,
633 1787 669 1821 et
690 1781 952 1833 promissionis
971 1782 1005 1821 ei
1022 1779 1127 1822 sactae
1139 1777 1373 1829 haeredibus,

54 1846 254 1899 insigniter
264 1843 453 1886 declarare
466 1844 611 1885 consilii
626 1845 682 1886 sui
698 1844 914 1887 firmitatem
926 1876 938 1898 ‚
958 1845 1254 1900 promissionem
1265 1858 1378 1886 suam<

20 1949 25 1955 ‚
54 1910 267 1961 juramento
285 1911 509 1963 interposito
527 1909 784 1951 confirmavit.

114 1972 169 2016 Ut
182 1989 251 2029 per
270 1975 362 2016 duas
375 1989 458 2025 res,
481 1977 774 2029 promissionem
790 1974 931 2016 scilicet
948 1982 983 2017 et
998 1978 1249 2028 juramentum
1262 2004 1274 2026 ,
1289 1988 1373 2029 quae

55 2047 145 2082 sunt
163 2042 418 2082 immutabiles
433 2072 446 2093 ‚
467 2044 679 2098 quibusque
698 2040 805 2083 Deus
817 2072 829 2093 ‚
850 2044 968 2096 prima
985 2045 1149 2095 veritas,
1171 2048 1209 2084 et
1225 2056 1375 2110 summa

61 2106 272 2154 veracitas,
293 2119 365 2146 nec
382 2105 454 2146 falli
471 2112 618 2160 potest,
638 2120 712 2147 nec
730 2104 877 2153 fallere·

0 2217 3 2231 ξ
113 2168 328 2212 Maximam
343 2177 382 2213 et
398 2171 653 2215 firmissimam
672 2171 881 2213 habeamus
894 2170 1217 2213 consolationem
1205 2185 1246 2211 111
1259 2170 1374 2224 hujus

0 2281 4 2296 Ι
63 2237 154 2278 vitae
172 2236 357 2291 procellis.

116 2297 204 2342 Nos
222 2303 285 2354 qui
305 2300 382 2342 hoe
403 2300 623 2356 naufragum
644 2301 906 2356 relinquentes
931 2300 1132 2351 saeculum,
1155 2297 1375 2352 Christique

0 2374 4 2379 ’
56 2366 177 2409 fidem
191 2367 384 2422 amplexi,
403 2367 638 2422 confugimus
653 2369 701 2410 ad
716 2367 1082 2424 apprehendendam
1098 2374 1136 2410 et
1152 2367 1370 2408 firmissime

59 2433 267 2474 tenendam
295 2448 404 2489 spem
434 2433 644 2477 futurorum
666 2436 858 2478 bonorum
891 2434 1003 2476 nobis
1030 2435 1311 2505 propositorum
1336 2433 1377 2474 et

58 2510 129 2550 pro
148 2495 372 2542 haereditate
399 2501 1236 2554 promissorum*
