1474 2658
105 73 193 133 ²9⁸
318 48 323 51 .
478 63 718 119 'sams-term
728 81 800 114 :An
815 80 1034 113 ¹⁸88nt

165 145 206 189 Ο
230 143 338 188 Deus
363 143 544 187 charitas!
570 145 772 188 ute'modo
797 158 864 187 cor
883 152 923 187 et
942 158 1056 187 renes
1079 142 1423 189 meobtnssffl

84 217 197 270 *igne
211 246 221 266 ‚
243 226 319 266 quo
335 212 541 266 atiquando
557 214 597 255 in
613 218 652 255 te
666 211 952 254 transformatus
967 222 1234 266 consummer,
1254 208 1420 256 etium-⁴

108 292 220 335 quam
244 279 395 331 justitiae
413 282 490 319 tuae
506 278 595 332 igne
613 290 813 318 consumar
829 278 871 317 inv
889 276 1028 317 aeterna
1045 277 1192 322 morte!
1231 335 1236 340 ·
1266 283 1270 287 ’

110 389 374 433 corollarium.
377 391 552 445 pletatis,
568 406 634 432 seu
646 394 687 432 in
700 392 773 432 Ῐιοσ
790 389 888 447 Cap.
908 409 923 434 1
935 407 972 443 2,
988 392 1043 432 ad
1050 369 1421 445 pae'eiamau'bee’

396 459 569 499 notanda
582 488 596 508 ‚
617 465 654 498 ec
674 459 731 499 ad
745 462 906 513 praxim
924 459 1149 512 redt'gendm

489 573 512 587 ⁴·

699 573 842 614 Promo.

114 637 403 718 Reconmmz
433 675 535 730 quod
560 677 639 718 vita
669 675 870 717 christiana
899 689 1028 717 cursus
1054 681 1092 716 et
1123 664 1319 754 certamen
1339 675 1419 722 est,

114 753 225 782 cursu
248 748 455 791 certamus,

174 804 293 859 Quod
313 807 426 860 hujus
445 806 575 850 cursus
601 810 663 850 via
682 807 844 849 difficilis
864 813 921 848 est
944 812 981 847 et
1006 821 1166 860 aspera·
1157 839 1164 847 .
1184 819 1253 862 per
1269 806 1422 859 spinas,

115 889 184 929 per
202 874 480 924 tribulationes,
499 891 568 931 per
587 890 743 926 cruces,
764 890 832 930 per
846 864 1005 915 vmedios
1025 873 1178 923 hostes,
1197 887 1266 927 per
1290 870 1424 921 exilia,

114 953 184 995 per
204 941 392 981 bonorum
414 943 582 995 rapinam
602 942 714 981 nobis
736 946 791 980 est
818 939 1060 979 currendum.

174 1003 283 1046 Hinc
299 1006 478 1044 omnibus
499 1002 721 1044 Christianis
739 1001 948 1057 Apostolus
967 1002 1084 1043 dicit:
1104 999 1181 1041 Per
1191 1002 1426 1055 patientium

117 1076 342 1121 curramus,
369 1076 442 1110 etc.

670 1136 880 1176 secuNno.

173 1246 397 1291 Recordare
413 1248 514 1304 quod
527 1248 573 1290 ad
587 1247 686 1290 hanc
698 1249 919 1302 patientiam
929 1245 1149 1288 habendam
1161 1275 1174 1297 ‚
1189 1243 1430 1301 aspiciendus

115 1316 164 1356 sit
184 1311 301 1355 Jesus
326 1311 522 1365 Christus,
546 1314 639 1356 fidei
660 1321 802 1356 nostrae
822 1321 952 1355 auctor
971 1319 1010 1354 et
1028 1317 1327 1354 consummatum

174 1378 330 1423 Primus
347 1380 449 1424 hanc
464 1382 567 1424 viam
583 1383 665 1423 iniit
682 1397 692 1430 ;
712 1381 806 1423 iliius
823 1382 1041 1436 asperitates
1061 1393 1130 1422 suo
1148 1379 1332 1432 sanguine
1353 1375 1430 1420 de·-

115 1449 254 1491 linivit.

174 1510 329 1554 Primus
359 1511 408 1554 ad
434 1517 578 1554 metam
605 1511 779 1566 pervenit
807 1527 816 1551 :
847 1509 1015 1564 hincque
1044 1523 1116 1551 nos
1141 1507 1208 1550 hic
1239 1513 1431 1549 currentes

119 1586 287 1633 spectat,
316 1578 505 1633 nobisque
524 1591 683 1618 coronas
701 1582 898 1630 praeparat.

179 1646 283 1685 Ecce
299 1646 411 1685 video
430 1636 543 1685 coelos
563 1650 714 1697 apertos
733 1651 769 1683 et
790 1643 924 1684 Jesum
943 1648 1110 1682 stantem
1129 1641 1155 1681 ὰ
1171 1639 1321 1681 (leminis
1338 1637 1433 1691 Dei,

126 1711 178 1751 ait
197 1707 248 1750 D.
268 1706 484 1763 Stephanus
506 1711 650 1763 patiens
667 1715 705 1749 et
724 1722 791 1762 per
809 1708 1025 1760 patientiam
1044 1719 1211 1748 currens-
1346 1700 1348 1703 ’

183 1770 354 1814 sedebat
373 1769 545 1812 Christus
563 1773 602 1812 in
626 1771 785 1812 dextera
802 1769 900 1821 Dei,
921 1778 961 1811 ut
985 1784 1091 1825 saepe
1114 1768 1164 1812 D.
1195 1767 1334 1812 Paulus
1353 1771 1404 1811 ait
1425 1783 1436 1808 z

126 1841 164 1876 at
186 1834 253 1876 ubi
269 1848 379 1876 suum
400 1834 623 1888 discipulum
643 1848 711 1887 per
731 1837 948 1887 patientiam
966 1835 1062 1875 vidit
1080 1840 1319 1886 currentem,
1346 1847 1433 1875 sur-

129 1903 252 1952 rexit,
276 1908 377 1943 stans
398 1900 575 1942 sollicitus
602 1915 670 1955 pro
698 1902 886 1941 imitatore
904 1914 972 1940 suo
993 1915 1002 1939 2
1024 1908 1209 1954 praeparat
1228 1900 1284 1942 itti.
1301 1902 1436 1943 trium-

129 1968 250 2024 phum
263 1999 273 2019 ‚
298 1970 454 2010 obviam
472 1970 578 2010 venit
596 1983 680 2011 eum
699 1975 958 2017 coronaturus.

187 2032 338 2075 Hoectu
352 2036 470 2087 cogita
489 2035 651 2088 patiens,
664 2035 791 2087 aspice
805 2029 996 2074 Christum
1010 2030 1149 2072 ducem
1161 2036 1282 2085 tuum,
1297 2045 1439 2074 exan-

127 2097 207 2153 plar
222 2106 328 2141 tuum
345 2130 356 2149 ,
379 2107 643 2141 coronatorem
665 2106 786 2141 tuum.

186 2161 305 2206 Curre
326 2171 409 2218 post
429 2166 573 2218 ipsum;
600 2165 646 2206 ad
665 2165 740 2207 hoc
761 2165 829 2206 tibi
851 2166 972 2218 praeit.

186 2228 306 2272 Curre
327 2232 422 2271 sicut
438 2233 540 2284 ipse;
561 2234 679 2284 ipsius
695 2245 856 2284 sequere
871 2232 1030 2283 vestigia
1048 2262 1057 2277 ,
1080 2229 1168 2271 ideo
1188 2242 1318 2283 passm
1333 2233 1404 2270 oet.

186 2291 306 2336 Curre
325 2294 372 2336 ad
393 2295 539 2349 ipsum;
559 2303 616 2336 est
635 2297 740 2337 enim
762 2302 863 2335 meta
880 2326 890 2344 ‚
911 2296 1098 2335 terminus
1117 2301 1156 2335 et
1173 2294 1388 2348 praemium.

187 2358 284 2403 Tria
304 2363 427 2415 cogita
445 2362 483 2402 in
504 2363 680 2414 passione
701 2358 866 2412 Christi,
885 2362 935 2401 ait
960 2357 1011 2402 D.
1034 2357 1232 2410 Thomas,
1251 2360 1356 2411 juxta
1378 2371 1439 2398 se-

131 2426 303 2470 cundum
327 2426 555 2469 versiculum
584 2426 696 2480 hujus
723 2428 851 2481 capitis
865 2456 876 2478 ‚
898 2428 964 2481 qni
978 2427 1173 2480 proposito
1195 2424 1272 2467 sibi
1289 2423 1449 2478 gaudio.
