1430 2658
357 91 545 128 ’ruffin
569 81 1361 140 uvosmo.cap.V11.=3=

29 129 297 214 ’namnet
318 152 501 201 Ani-dumi-
509 150 753 209 bncerdotes,
770 172 820 200 ex
832 157 990 200 decreto
1007 158 1103 213 legis
1115 190 1127 212 ,
1147 157 1365 212 iushabent

48 221 216 266 &cimas
229 222 406 265 sumendi
425 225 447 263 ὲ
459 225 536 264 suis
554 222 829 276 popularibus,
854 222 894 263 id
914 229 999 274 est,
1023 225 1043 264 ὲ
1060 225 1138 264 suis
1153 221 1334 269 fratribus
1347 253 1360 274 ‚

47 285 220 342 Ababa
238 288 422 343 posteris,
440 289 536 331 sicut
564 293 602 329 et
623 288 693 341 ipsi
715 286 781 329 filii
809 294 897 329 sunt
917 284 1108 340 Abrahae,
1127 295 1165 331 et
1186 289 1250 332 lex
1278 304 1362 344 po·-

48 351 139 409 pulo
152 354 325 414 precipit
344 351 511 398 decimas
529 350 790 412 sacerdotibus
815 353 920 394 dare.

105 447 252 497 Verum
267 448 556 497 Melchisedech
569 480 580 501 ‚
603 450 745 492 alienus
763 453 784 490 ἐι
802 464 942 504 genere
965 450 1114 503 judaico
1127 481 1139 502 ‚
1163 452 1211 494 ab
1232 449 1362 494 Abra-

45 514 164 558 hamo
182 515 348 558 decimas
367 516 512 570 accepit
527 547 540 568 ‚
566 522 603 557 et
623 512 867 557 Abrahamus
882 547 892 566 ‚
913 519 1038 570 gentis
1057 523 1197 559 nostrae
1227 523 1332 573 pater
1346 549 1357 569 ,

46 581 146 623 nulla
175 581 258 636 lege
278 584 423 636 imme,
442 580 616 623 'decimas
639 584 673 623 ei
695 581 829 622 lubens
851 581 982 632 dedit3

104 645 266 702 Insuper
298 654 336 689 et
370 644 662 689 Melchisedech
688 645 979 699 Abrahamum‚
1012 654 1155 690 tantum
1186 655 1223 694 et
1249 647 1360 690 talem

47 710 326 767 patriarcham,
347 713 387 752 in
408 724 483 765 quo
498 743 510 763 ‚
525 712 628 765 juxta
651 709 726 752 Dei
739 713 968 766 promissum
984 744 994 764 ,
1010 718 1144 767 gentes
1164 719 1267 754 erant
1286 713 1360 755 be-

46 775 296 827 nedicendae‚
308 775 520 817 ‘benedixit
533 805 546 825 ‚
567 775 671 816 velut
686 789 728 816 se
754 777 956 818 minorem.

90 839 227 886 ,Extra
243 844 541 886 controversiam
562 845 665 884 enim
687 850 743 885 est
765 844 869 899 quod
888 846 950 899 qui
972 845 1098 885 minor
1116 851 1198 899 est,
1222 845 1270 886 ab
1309 860 1358 888 eo

47 909 110 966 qui
126 910 364 964 praestantior
380 915 438 952 est
457 909 539 962 ipso
564 907 818 950 benedicitur.

103 987 157 1033 Et
171 991 326 1047 quidem
347 993 451 1044 juxta
468 990 595 1045 legem
618 988 834 1032 Leviticam
849 1020 861 1040 ,
889 990 1060 1032 decimas
1077 992 1270 1045 accipiunt
1288 1006 1358 1034 sa-

48 1053 223 1097 cerdotes
236 1053 414 1095 mortales
436 1069 446 1094 z
467 1056 507 1094 in
526 1051 673 1096 Genesi
687 1062 815 1096 autem
834 1056 864 1096 is
880 1053 1047 1096 decimas
1063 1057 1168 1110 accip
1185 1062 1201 1098 t
1219 1057 1265 1097 de
1279 1071 1356 1111 qno

43 1126 220 1164 testatum
251 1127 309 1162 est
326 1120 429 1176 quod
447 1123 551 1162 vivat
572 1151 584 1173 ‚
620 1128 658 1163 et
692 1121 797 1164 velut
824 1121 1046 1163 immortalis
1071 1119 1297 1174 exhibetur,
1318 1128 1357 1164 et

43 1194 231 1243 perpetuo
254 1185 419 1239 fungitur
434 1186 663 1228 sacerdotio.

103 1252 232 1306 Quin,
250 1261 290 1295 ut
313 1256 361 1296 ita
381 1253 506 1294 dicam
521 1283 533 1303 ‚
556 1254 636 1306 ipse
655 1251 774 1303 Levi,
796 1255 858 1308 qui
878 1267 980 1294 nunc
995 1252 1162 1293 decimas
1183 1252 1318 1304 accipit
1339 1279 1351 1299 ‚

43 1325 135 1360 tnnc
149 1320 188 1359 in
201 1315 444 1370 Abrahamo‚
458 1323 562 1370 patre
579 1331 665 1369 suo,
682 1317 849 1358 decimas
867 1317 1002 1359 obtulit
1021 1314 1356 1358 melchisedecho.

98 1398 202 1445 Levi
223 1402 327 1446 enim
350 1415 437 1443 cum
457 1398 535 1443 tot&
554 1400 656 1443 tribu
682 1398 749 1442 sud
772 1400 896 1443 adhuc
917 1407 994 1443 erat
1017 1403 1055 1443 in
1078 1400 1215 1443 lumbis
1242 1401 1355 1455 patris

42 1466 124 1516 sui,
153 1472 258 1522 etper
271 1479 360 1509 eum
384 1464 552 1506 decimas
573 1464 767 1519 pendebat
787 1465 931 1507 oblatas
958 1481 967 1506 t
993 1464 1066 1506 haic
1090 1479 1163 1520 que
1181 1464 1355 1511 decimae

40 1542 126 1574 rum
141 1530 330 1586 pensione
345 1560 355 1580 ‚
375 1526 665 1571 Melchisedech
681 1560 691 1580 ,
714 1525 856 1570 Christi
878 1530 1034 1583 liguram
1047 1558 1059 1581 ,
1081 1542 1124 1570 se
1143 1534 1181 1569 et
1195 1529 1271 1568 suis
1283 1542 1354 1569 su-

4 1613 17 1634 .ι
39 1597 230 1651 perierem
253 1595 496 1648 agnoscebat.

96 1659 216 1716 Quod
227 1662 258 1703 si
270 1658 478 1716 p'ersectum
490 1665 567 1701 erat
581 1659 837 1700 sacerdotium
851 1655 1066 1700 Leviticum
1079 1689 1093 1711 ,
1105 1660 1263 1713 vimque
1273 1671 1357 1712 per-

37 1726 193 1771 ficiendi
207 1759 218 1779 ‚
235 1740 301 1768 seu
323 1725 549 1778 justificandi
569 1724 770 1775 habebat(
786 1731 959 1778 ternpore
974 1727 1076 1766 enim
1093 1724 1206 1776 hujus
1221 1739 1354 1766 sacer-

39 1795 134 1838 dotii
154 1794 216 1837 lex
238 1792 379 1849 populo
396 1793 479 1834 dala
498 1799 555 1834 est
570 1793 604 1842 )‚
631 1792 722 1848 quid
741 1806 836 1846 opus
855 1799 933 1834 erat
950 1790 1133 1847 praeterea
1149 1791 1261 1834 aliurn
1280 1806 1353 1834 ex-

1 1875 9 1882 *
37 1864 127 1904 oriri
149 1861 414 1909 sacerdotem,
444 1861 508 1913 qui
535 1874 616 1900 non
648 1859 864 1900 secundnm
897 1859 1071 1900 ordinem
1103 1855 1258 1911 Aaron,
1281 1858 1353 1900 sed

35 1924 247 1968 secundum
270 1924 446 1966 ordinem
465 1921 757 1965 Melchisedech
781 1922 1006 1965 diceretur?

90 2025 278 2081 Etenim,
304 2032 391 2071 cum
410 2029 608 2071 individua
623 2031 672 2072 sit
686 2029 889 2072 sacerdotii
908 2028 1070 2071 Levitici
1088 2035 1126 2071 et
1145 2028 1238 2083 legis
1254 2027 1352 2071 Mo-

0 2117 2 2119 ·
35 2093 148 2134 saicae
175 2096 367 2146 societas
384 2095 563 2136 translato
583 2086 800 2137 sacerdotio
816 2098 838 2136 ὲ
856 2093 976 2146 Levi,
995 2107 1155 2136 necesse
1175 2099 1233 2136 est
1254 2100 1292 2135 ut
1313 2099 1352 2136 et

33 2156 128 2212 legis
148 2157 268 2201 forma
285 2168 554 2203 commutetur.

0 2273 2 2276 y
92 2221 354 2274 (Translatum
370 2233 495 2268 autem
509 2230 529 2268 ὲ
543 2224 660 2268 Levi
652 2204 1049 2279 acerdotiumprobat
1064 2223 1302 2282 Psal.1o9);
1320 2229 1352 2268 is

0 2311 3 2347 2
33 2292 139 2332 enim
155 2290 204 2334 de
224 2308 298 2348 quo
317 2293 481 2349 loquitur
495 2293 554 2335 ille
571 2293 765 2348 psalmus,
785 2308 863 2334 non
883 2299 940 2334 est
959 2308 1008 2334 ex
1031 2295 1129 2335 tribu
1148 2291 1346 2343 Levitica;
1382 2313 1383 2319 ¹

0 2351 2 2355 ’
33 2354 106 2395 sed
124 2368 175 2397 ex
197 2355 243 2396 ea
262 2357 360 2398 tribu
384 2357 487 2398 unde
504 2358 624 2399 nullus
644 2356 828 2399 hactenus
846 2359 959 2399 astitit
978 2357 1106 2398 altari:
1142 2368 1150 2373 “

0 2434 7 2510 ξ
84 2439 220 2486 Palam
237 2445 340 2488 enim
360 2453 417 2488 est
439 2446 542 2503 quod
559 2444 754 2488 Dominus
772 2449 902 2489 noster
920 2444 1038 2490 Jesus
1056 2445 1229 2490 Christus
1245 2452 1350 2488 ortus
