1474 2658
373 84 557 131 mm
574 64 1064 128 momno.cap.x11.
1297 88 1383 133 ²9⁷

42 148 356 202 'hunck
370 139 561 201 «techni,
587 158 664 194 etc.
679 137 771 205 Syr.
794 165 862 206 per
885 149 963 191 hoc
979 155 1107 192 autem
1124 148 1230 204 quod
1257 149 1378 202 dicit,

2 227 5 230 ⁴
63 212 209 269 Semel,
224 215 402 261 ostendit
404 217 711 262 immutationem
729 229 864 257 eorum
883 229 972 273 quae
989 222 1218 269 moventur,
1233 222 1275 258 ut
1293 229 1382 271 pcr-

65 289 245 326 maneant
264 294 416 338 eaquae
432 287 520 326 sunt
544 280 672 324 motus
694 283 879 334 expertia.

124 348 314 389 Declarat
327 347 528 389 mabillam
544 348 858 388 translationem.

122 410 206 467 Qui
222 414 412 469 explicant
429 411 566 469 Aggaei
583 415 702 456 verba
720 413 770 455 de
788 415 912 468 primo
931 409 1074 454 Christi
1091 412 1258 454 adventu
1272 442 1285 465 ‚
1313 427 1387 467 per
1460 413 1468 418 '

65 479 229 520 mobilia
259 479 325 521 hic
353 479 567 534 intelligunt
589 481 819 534 pertinentia
845 478 894 520 ad
922 485 1034 519 vetus
1057 475 1382 531 Testamentum,

65 539 116 583 de
136 542 274 596 quibus
288 557 370 597 cap.
388 558 429 600 9,
449 542 591 585 scilicet
609 541 889 585 tabernaculum
903 572 914 590 ‚
935 556 1081 593 arcam,
1099 555 1291 594 mensam,
1308 548 1383 582 etc.

123 604 206 661 Qui
220 615 349 650 autern
371 608 563 664 explicant
584 609 633 651 de
650 608 819 651 secundo
837 606 981 650 Christi
997 607 1165 650 adventu
1179 638 1191 661 ‚
1210 623 1282 662 per
1293 623 1383 648 mo-

0 684 6 691 ’
66 673 165 715 bilta
185 674 400 729 intelligunt
418 674 554 717 coelum
574 682 613 717 et
632 683 786 717 terram.

122 737 344 798 sensusque
358 772 370 792 ‚
393 741 478 784 haec
503 756 588 784 esse
610 740 892 784 transmutanda
908 770 919 787 ,
942 747 984 781 ut
1001 739 1187 795 deinceps
1205 747 1386 782 maneant

65 807 112 858 inv
133 812 319 850 aternum
339 807 424 849 coeli
450 809 569 859 novi,
590 815 690 850 terra
714 821 837 858 nova,
861 805 1004 848 seilicet
1019 837 1030 857 ‚
1057 821 1220 861 regnum
1241 803 1384 848 Christi

65 879 388 914 consummatum.

123 933 210 979 Nec
226 939 364 979 mirum
390 945 450 979 est
467 939 499 979 si
518 944 814 981 transmutentur
835 940 858 978 a
880 933 1057 988 Christo,
1078 942 1211 990 utpote
1228 937 1278 978 ab
1299 937 1387 991 ipso

65 1000 166 1045 sacra
183 1002 290 1045 etad
308 1003 349 1046 id
370 1003 482 1045 sacta.
592 1006 595 1011 '

121 1065 168 1114 Ῠ.
195 1066 514 1124 28.11aque,id
534 1075 616 1120 est,
642 1071 729 1111 cum
751 1067 839 1109 haec
857 1069 908 1109 ita
927 1068 1025 1117 sint,
1045 1063 1220 1108 Christus
1241 1065 1388 1108 scilicet

65 1132 115 1173 sit
135 1132 272 1174 coelum
292 1138 330 1174 et
349 1139 488 1175 terram
514 1137 805 1186 immutaturus,
835 1139 874 1174 ut
899 1146 1059 1186 regnum
1085 1133 1160 1173 sibi
1179 1138 1284 1185 paret
1302 1132 1384 1172 im-

66 1197 263 1240 mutabile

123 1263 303 1316 Regnum
338 1264 538 1305 immobile
573 1265 851 1318 suscipientes,
887 1262 927 1304 id
957 1267 1042 1312 est,
1075 1273 1147 1301 nos
1179 1257 1389 1303 Christiani

11 1336 19 1342 '
64 1345 225 1386 regnum
243 1331 332 1373 illud
350 1347 420 1388 spe
437 1331 544 1374 firma
565 1334 816 1387 suscipientes
829 1363 839 1381 ‚
858 1328 1213 1386 apprehendentes.

122 1395 331 1438 Habemus
353 1401 541 1450 gratiam.
564 1395 884 1439 Gr.·habeamus.
908 1392 996 1449 Syr.
1020 1393 1320 1448 amplectamur,
1347 1393 1388 1435 id

66 1467 149 1512 est,
171 1468 389 1503 constanter
408 1468 606 1504 teneamus
628 1461 894 1503 christianismi
913 1461 1085 1514 gratiam.

123 1524 204 1566 Per
217 1541 336 1580 quam
360 1529 614 1569 serviamus...
636 1524 708 1568 Gr.
730 1529 834 1580 grate
858 1524 961 1566 Deo.
984 1522 1077 1578 Syr.
1099 1536 1145 1563 ac
1173 1522 1387 1577 placeamus

63 1586 176 1640 Deo,
206 1591 247 1632 id
275 1599 358 1643 est,
388 1606 456 1646 per
483 1605 597 1646 quam
622 1593 673 1632 ita
699 1589 790 1632 Deo
814 1591 1047 1639 serviamus,
1070 1593 1112 1629 ut
1133 1594 1173 1629 et
1199 1589 1273 1643 ipsi
1299 1588 1388 1644 pla·—

70 1666 241 1694 ceamus.

127 1720 226 1761 Cum
249 1730 355 1762 melu
377 1729 416 1763 et
439 1726 662 1765 reverentia.
683 1720 757 1765 Gr.
774 1736 861 1763 cum
883 1717 1099 1763 reverentia
1118 1725 1157 1762 et
1175 1719 1360 1774 religione
1374 1751 1387 1770 ‚

65 1785 106 1828 id
121 1792 205 1836 est,
224 1789 435 1830 serviamus
448 1818 460 1839 ‚
480 1790 659 1843 inquam,
681 1803 769 1828 cum
789 1794 892 1828 metu
911 1785 1050 1840 pudico
1065 1816 1079 1836 ‚
1099 1798 1152 1826 ne
1168 1785 1259 1840 quid
1275 1792 1386 1840 turpe

65 1864 197 1893 coram
213 1866 263 1894 eo
278 1851 484 1905 faciamus,
505 1861 543 1894 et
559 1869 647 1894 cum
664 1851 874 1894 merentia
891 1849 1065 1906 religiosa
1085 1865 1214 1893 coram
1233 1865 1280 1892 eo
1295 1865 1384 1893 am-

67 1917 258 1961 bulantes.

122 1983 278 2023 Etenim
297 1983 401 2024 Deus
418 1992 544 2025 noster
564 1985 664 2036 ignis
681 1997 911 2023 consumens
923 1989 994 2023 est.
1013 1979 1131 2024 Dent.
1149 1981 1189 2032 4.
1208 1980 1276 2031 24.
1293 1977 1387 2037 Syr.

64 2049 165 2101 ignis
185 2046 377 2089 devorans
405 2056 486 2099 est,
513 2050 555 2090 id
575 2056 656 2099 est,
690 2051 806 2089 instar
829 2048 927 2100 ignis
956 2045 1261 2100 flagrantissimi,
1291 2044 1387 2099 legis

0 2110 5 2117 “
65 2123 145 2153 suae
161 2110 365 2152 violatores
381 2113 422 2153 in
437 2120 638 2155 momento
655 2126 765 2154 urere
779 2143 790 2163 ‚
812 2118 988 2166 torquere
1005 2117 1043 2152 et
1061 2123 1289 2152 consumere
1306 2103 1387 2165 po·—

63 2177 153 2217 test.

121 2238 256 2293 Deus,
290 2248 331 2283 ut
356 2240 542 2293 charitas,
573 2243 671 2296 ignis
698 2248 756 2282 est
782 2254 1052 2282 consummans
1075 2247 1286 2282 creaturam
1308 2238 1383 2279 sibi

10 2352 16 2355 ,
62 2305 246 2362 fidelem3
267 2313 309 2348 ut
327 2309 486 2358 iustitia,
510 2314 566 2348 est
584 2309 679 2361 ignis
698 2313 906 2359 torquens,
932 2318 1163 2346 consumens
1181 2302 1356 2346 rebelles.

121 2368 359 2415 Alterutrum
375 2375 590 2416 necessario
605 2372 822 2427 eligendum
836 2402 847 2423 ,
868 2378 932 2413 aut
944 2372 1199 2413 consummari
1216 2377 1278 2412 aut
1290 2385 1386 2412 con-

64 2450 180 2480 sum.
