1430 2658
0 0 99 51 p,

299 61 755 97 muman-ro.
775 50 878 108 Cap.
895 47 1034 96 VIII.
1244 49 1325 111 157

67 118 191 178 ω
203 120 505 172 Testamentun
520 124 786 182 imperfectam
801 123 882 169 Dei
901 128 1163 182 cognitionem
1177 126 1294 172 dabat

7 181 199 242 xoflitin
217 189 339 249 figura
358 192 648 247 contingebant.

43 243 290 300 Ῥαῗοοίιιιι
304 261 343 298 et
359 255 507 302 facilem
521 257 587 300 dat
598 271 766 309 novum,
786 271 856 313 per
868 254 1051 313 Spiritum
1068 266 1243 302 sanctum
1256 273 1330 303 re-

17 316 119 376 pieta
137 328 196 366 est
209 328 337 366 terra
326 320 486 368 cientis
502 322 677 367 Domini-

75 384 170 432 Hoc
189 393 402 447 praesertim
422 386 698 447 Apostolorum
724 392 960 445 temporibus
982 391 1229 446 adimpletum
1247 398 1328 443 est,

14 457 58 498 in
79 455 217 511 quibus
237 457 367 498 statim
391 461 551 512 accepto
570 453 738 512 Spiritu,
761 455 896 498 fideles
920 455 1023 498 nullo
1043 456 1173 499 labore
1202 456 1328 498 doce-

14 522 154 567 bantur
173 535 262 578 quae
283 523 331 564 ad
351 521 473 566 fidem
487 523 746 577 spectabant,
765 524 816 564 ait
840 519 1047 577 GagnaeuS.

71 584 227 630 Nostris
266 588 392 631 adhuc
419 589 657 645 temporibus
689 588 819 644 aliquo
846 587 965 630 modo
987 602 1120 630 verum
1141 594 1228 630 est:
1249 586 1330 630 de-

15 647 155 693 structa
173 652 280 694 enim
301 650 513 695 idolotatria
528 682 539 702 ‚
568 666 706 694 omnes
725 649 932 694 Christiani
951 653 1074 693 sciunt
1098 665 1218 693 unum
1244 663 1330 692 esse

13 711 168 764 Deum3
194 721 235 758 et
248 746 260 768 ‚
282 730 351 772 per
372 716 584 771 simplicem
599 715 895 767 catechismum,
913 718 976 771 qui
1000 718 1094 758 scitu
1115 715 1231 757 facilis
1248 722 1326 764 est,

15 778 120 834 plura
137 778 187 822 de
209 778 299 822 Deo
318 783 443 822 sciunt
461 795 563 822 nunc
582 783 690 837 pueri
708 784 823 835 quam
845 783 1025 823 noverint
1044 795 1214 837 unquam
1229 779 1330 822 doc-

12 839 151 886 tissimi
165 842 383 900 philosophi
401 875 413 898 ,
433 847 512 887 imo
531 852 571 887 et
594 845 765 901 pierique
785 843 928 887 Judaei.
1270 858 1276 861 ’

73 906 134 964 Y.
162 923 231 951 υ.
265 909 374 965 Quia
401 913 602 966 ,propitius
623 926 730 954 ero...
756 909 902 969 Syrus,
923 916 961 951 et
984 911 1137 952 veniam
1170 910 1226 951 eis
1257 911 1331 951 tri-

13 973 131 1015 buam
144 1003 157 1024 ,
178 979 255 1016 etc.

60 1030 197 1080 -Vetus
212 1033 510 1078 Testamentum
527 1037 791 1092 imperfectum
810 1045 847 1079 et
866 1039 1058 1079 infirmum
1076 1027 1155 1079 erat
1175 1038 1214 1078 in
1232 1051 1331 1091 pcc-

15 1109 187 1144 catorum
210 1103 437 1144 remissione
462 1118 576 1158 quam
602 1118 683 1145 non
703 1104 843 1155 dabat,
872 1111 913 1146 ut
937 1119 1019 1159 cap.
1051 1120 1102 1146 10
1126 1102 1334 1145 videbitur.

14 1166 175 1211 Novum
195 1166 347 1224 peccata
365 1171 419 1211 sic
439 1169 566 1220 delet,
589 1178 630 1212 ut
651 1185 725 1213 nec
741 1186 874 1214 eorum
894 1171 1114 1212 recordetur
1134 1168 1258 1212 Deus.

75 1234 195 1279 Hanc
207 1236 447 1293 prophetiam
460 1252 510 1279 ex
524 1235 552 1278 J
557 1240 707 1280 eremiae
721 1237 789 1281 31.
801 1234 847 1287 fi.
867 1237 935 1279 31.
951 1238 1191 1293 desumptam
1205 1235 1332 1279 Judaei

17 1299 184 1342 referunt
202 1300 250 1341 ad
270 1307 418 1354 tempus
439 1297 572 1342 Esdrae
586 1330 598 1351 ‚
619 1315 696 1354 quo
711 1301 774 1343 lex
792 1300 856 1342 fuit
875 1307 1055 1342 renovata
1076 1317 1086 1348 ;

75 1362 157 1407 Sed
179 1379 420 1422 perperam,
440 1372 522 1407 tum
545 1368 631 1419 quia
650 1366 708 1407 ilia
731 1369 930 1408 renovatio
962 1374 1051 1408 tunc
1080 1365 1176 1407 sacta
1204 1373 1260 1408 est
1294 1368 1333 1407 in

18 1431 274 1482 membranis,
296 1445 377 1473 non
399 1438 526 1473 antem
548 1434 587 1473 in
606 1432 810 1483 cordibus;
835 1440 914 1474 tum
941 1435 1028 1488 quia
1054 1439 1145 1474 tunc
1164 1447 1243 1474 non
1263 1434 1330 1473 in-

19 1498 190 1540 stitutum
213 1502 276 1539 est
297 1511 443 1539 novum
472 1495 790 1551 Testamentum,
818 1498 887 1540 sed
915 1505 1025 1539 vetus
1053 1496 1121 1539 suit
1153 1497 1333 1539 redinte-

85 1568 182 1605 tum.

19 1576 207 1676 graDebet
227 1635 339 1689 igitur
356 1635 511 1689 intelligi
543 1635 591 1676 de
607 1632 866 1676 Testamento
887 1649 991 1676 novo
1009 1665 1022 1687 ,
1048 1647 1116 1688 per
1138 1629 1332 1675 Christum

23 1699 195 1741 condito.

80 1762 141 1818 Υ.
167 1763 230 1805 ι3.
252 1764 425 1804 Dicendo
445 1770 575 1804 autem
606 1778 790 1806 novum...
809 1761 902 1820 Syr.
924 1764 964 1803 in
980 1761 1058 1803 hoc
1080 1767 1207 1803 autem
1226 1761 1332 1816 quod

21 1827 111 1870 dicit
127 1841 300 1879 novum,
320 1834 395 1870 etc.

31 1947 35 1950 .
77 1889 143 1935 Ex
162 1893 273 1935 altato
290 1887 475 1936 deremiae
489 1894 709 1943 testimonio
725 1892 773 1934 de
788 1906 895 1934 novo
912 1888 1166 1932 Testamento
1180 1888 1329 1939 futuro,

22 1955 76 2001 D.
95 1955 238 2000 Paulus
257 1957 371 2000 insert
391 1956 545 2001 Veteris
565 1958 850 2012 abrogationem
866 1989 876 2009 ‚
898 1956 974 1998 hoc
993 1957 1190 1997 ratiocinio
1207 1971 1217 1996 ε

77 2019 188 2064 Deus
215 2035 284 2078 per
303 2020 328 2062 J
333 2025 512 2064 eremiam
538 2023 668 2064 dicens
687 2039 697 2063 ε
719 2021 1007 2063 consummabo
1042 2020 1334 2060 Testamentum

21 2100 182 2139 novum,
210 2093 283 2128 etc.
301 2117 314 2138 ‚
341 2089 546 2137 veteravit,
582 2088 620 2128 id
639 2093 718 2139 est,
747 2089 943 2142 antiquum
961 2090 999 2126 et
1018 2091 1130 2126 vetus
1150 2098 1233 2127 esse
1251 2084 1336 2126 de*

22 2151 174 2194 ciaravit
187 2153 296 2206 prius
306 2165 325 2199 ;
344 2152 447 2207 quod
467 2160 592 2194 autem
613 2155 810 2207 antiquum
831 2158 867 2193 et
889 2156 999 2192 vetus
1017 2156 1100 2201 est,

79 2215 210 2272 Prope
248 2217 446 2257 interitum
479 2225 550 2259 est.
575 2214 646 2260 Gr.
667 2230 789 2271 prope
820 2215 1130 2258 evanescentiam
1151 2222 1221 2257 est.
1244 2212 1336 2271 Syr.

21 2295 143 2338 prope
162 2290 219 2325 est
242 2289 284 2324 ut
304 2288 576 2338 corrumpatur.

79 2346 199 2402 Quod
228 2363 320 2405 ergo
350 2356 525 2406 tempore
559 2346 739 2393 Jeremiae
765 2347 1013 2401 senescebat,
1038 2360 1142 2391 nunc
1161 2340 1336 2400 ternpore
1400 2392 1403 2393 ⁷

22 2411 167 2462 Christi
181 2420 334 2464 interiit.
