1474 2658
372 65 504 99 mnssx
533 63 686 94 atium
717 63 775 93 m·
803 61 1067 93 vsunonuu.
1303 47 1387 106 507

115 127 188 166 Dei
200 138 282 165 >non
297 125 415 166 salvat
425 123 531 171 ,Lnisi
548 123 734 162 creditum
752 125 792 159 et
805 122 1058 159 observatum.
1080 119 1116 158 1.
1139 123 1199 158 19.
1218 123 1280 159 20.

24 229 32 237 ·
69 184 188 233 Quhm
205 182 335 232 magui
347 181 563 221 faciendum
580 179 702 217 divini
715 179 820 218 verbi
838 178 1122 216 ministerium?
1139 180 1177 218 Ι.
1195 183 1283 218 276.

17 282 19 288 y
67 241 216 287 Quanto
232 241 407 287 respectu
423 235 656 274 audiendum
672 236 742 272 Dei
761 234 943 272 verbum?
959 235 1062 273 Ibid.

68 299 217 343 Quanto
231 291 358 338 studio
377 289 702 330 annuntiandum?
726 290 829 327 Ibid.

64 351 176 390 Idem
193 350 264 389 Dei
283 350 440 387 verbum
461 348 609 386 emollit
626 351 667 384 et
686 347 852 384 indurat.
873 346 975 383 Ibid.

65 409 116 448 In
131 420 283 447 omnem
301 412 447 444 terram
464 405 580 443 exibit
598 417 717 442 sonus
735 417 878 442 eorum.
895 409 933 442 S.
950 406 1085 442 Paulus
1107 405 1201 443 dicit
1218 406 1265 443 de
1292 416 1387 456 apo-

117 465 225 504 stolis
239 465 344 513 quod
359 463 479 501 David
496 463 544 500 de
560 462 665 499 coelis
685 461 792 500 dixit.
818 462 920 499 lbid.

66 524 262 572 Quomodo
273 523 355 560 hoc
371 523 571 572 impletum
586 525 756 569 tempore
773 525 817 557 D.
839 521 957 559 Pauli.
981 525 1008 558 1.
1031 527 1119 560 277.

54 581 167 629 -Quid
184 580 424 620 sentiendum
442 580 490 617 de
506 579 583 616 illis
597 579 664 627 qui
684 579 731 615 de
749 577 824 616 lide
841 579 940 615 nihil
957 578 1174 617 audierunt.
1204 579 1305 617 Ibid.

66 640 187 686 Quam*
202 638 475 677 inexcusabiles
492 636 694 674 Christiani
708 664 719 683 ‚
744 637 812 684 qui
835 648 924 674 aure
943 638 1112 686 corporis
1135 637 1321 684 audiunt,
1346 641 1385 676 et

116 707 208 734 anre
225 696 351 734 cordis
369 707 445 733 non
464 695 668 744 recipiunt.
689 694 790 731 Ibid.

65 756 211 804 Duplex
229 755 381 793 auditus
399 754 504 799 verbi
525 753 616 798 Dei,
638 757 834 798 externus,
855 753 1040 790 internus.
1061 754 1157 790 Ibid.

56 812 179 851 ‘Verbi
195 813 264 850 Dei
281 812 432 849 auditus
446 822 525 848 non
540 811 714 860 prodest,
738 810 811 846 nisi
828 811 1003 846 credatur
1017 810 1107 852 etin
1127 809 1271 858 praxim
1283 809 1386 847 redi-

114 873 237 918 gatur.
253 869 327 909 vl.
350 874 417 906 71.

53 927 226 967 verbum
243 926 313 974 Dei
329 936 398 975 pet
410 925 526 963 tidem
540 925 812 980 digerendum,
829 925 928 963 sicut
942 926 1049 963 cibus
1063 937 1131 975 per
1144 925 1380 963 stomachum

113 983 312 1031 digeritur.
332 982 435 1020 Ibid.

53 1042 223 1078 Verbum
241 1041 310 1078 Dei
326 1041 552 1088 legendum,
576 1044 615 1077 et
631 1041 821 1088 quomodo
837 1039 854 1076 ?
870 1040 945 1081 IV.
967 1045 1052 1079 371.

55 1099 223 1136 Verbum
239 1097 331 1144 Dei,
351 1108 480 1134 semen
498 1097 707 1133 charitatis.
727 1101 787 1133 lV.
806 1100 891 1134 422.
914 1101 1000 1135 423.

62 1154 288 1194 charitatem
306 1154 484 1203 producit
507 1154 548 1190 in
572 1154 681 1191 terris
695 1157 734 1191 et
755 1154 796 1190 in
811 1153 916 1190 coelis
928 1180 938 1199 ,
956 1153 998 1190 in
1014 1154 1127 1192 corde
1141 1158 1269 1192 nostro
1287 1154 1379 1192 etin

114 1212 230 1249 corde
246 1212 331 1249 Dei.

61 1275 146 1317 Quo
164 1263 408 1308 dis‘crimine?
429 1275 486 1308 1v.
513 1274 598 1308 423.

58 1329 225 1366 Verbum
242 1329 311 1372 Dei
325 1356 336 1377 ,
356 1329 518 1366 fulcrum
538 1327 684 1364 mundi.
706 1331 766 1364 Vl.
793 1331 851 1364 12.

62 1389 151 1431 Quae
171 1385 383 1434 peccatoris
398 1382 661 1432 ingratitudo?
677 1382 774 1419 Ibid.

614 1482 699 1514 VER
703 1481 799 1514 rrAS
806 1505 814 1514 .

58 1557 262 1604 Veritatem
277 1556 318 1593 in
333 1555 519 1604 injustitia
540 1555 710 1592 detinere
733 1554 852 1602 quid?
870 1559 898 1593 1.
920 1559 980 1592 22.

44 1617 156 1661 ‘Quot
183 1614 387 1651 Christiani
419 1613 617 1651 veritatem
644 1618 685 1650 in
713 1610 1123 1660 injustitiadetiueut?
1151 1608 1247 1646 Ibid.
1280 1608 1375 1646 Vide

106 1673 255 1720 Fides-2
279 1673 539 1716 christianus.

55 1729 222 1766 Ecclesia
241 1734 298 1766 est
313 1730 486 1766 columna
501 1733 539 1766 et
556 1728 834 1766 firmamentum
853 1728 1046 1774 veritatis,
1068 1725 1216 1774 duplici
1233 1725 1367 1772 modo,

105 1785 230 1823 activo
250 1790 289 1823 et
303 1786 466 1834 passivo.
484 1790 527 1822 V.
550 1790 634 1823 142.

54 1848 140 1881 Haec
166 1845 306 1883 veritas
329 1845 525 1893 speciatim
547 1843 777 1892 intelligitur
799 1843 846 1880 de
869 1843 1070 1880 dominicae
1095 1839 1373 1907 Incarnationis

106 1902 299 1950 mysterio.
315 1906 358 1939 V.
384 1905 468 1939 142.
491 1893 574 1940 143.

53 1957 265 1997 incarnatio
285 1970 428 1995 summa
450 1963 507 1995 est
523 1957 736 2003 christianae
749 1957 938 2002 veritatis,
959 1968 1025 1993 seu
1041 1954 1248 2002 religionis.
1269 1953 1367 1991 lhid.

594 2046 820 2079 VIATICUM.

52 2127 196 2165 Fideles
213 2127 383 2164 solebant
405 2129 618 2174 apostolum
637 2139 746 2164 suum
766 2127 978 2174 deducere,
999 2123 1119 2166 iuvizi
1138 2120 1311 2161 comitari
1328 2130 1350 2157 e
1406 2158 1409 2159 γ

102 2183 243 2221 viatico
261 2183 406 2231 juvare.
423 2187 468 2220 11.
491 2186 577 2222 441.

630 2272 782 2306 VlDUA.

51 2351 242 2400 Multiplex
257 2351 456 2388 viduarum
473 2341 610 2388 status.
623 2356 666 2389 V.
690 2356 773 2391 175.
798 2355 884 2389 176.

0 2406 1 2409 ’
49 2406 114 2444 Pia
129 2409 215 2447 vere
231 2409 354 2446 viduae
376 2408 512 2447 officia.
532 2414 575 2448 V.
603 2414 689 2448 177.
