1430 2658
364 45 553 85 '1me
581 19 831 84 anosrrm.
864 7 974 88 Cap.
992 33 1074 78 ΧΙ.
1305 34 1388 92 267

223 122 294 167 ,με
319 112 533 160 vastator,
546 120 615 149 seu
642 107 948 160 exterminator,
992 107 1134 150 videns
1159 110 1390 164 sanguinem

55 189 150 237 agm
166 188 284 230 super
301 179 442 230 postes
445 200 459 224 ,
482 172 714 215 transiliebat
737 173 876 214 domos
900 170 1160 226 Judaeorum,
1179 181 1219 217 et
1240 175 1289 217 ab
1310 175 1392 219 hoc

58 233 243 290 transitu,
273 253 344 281 seu
369 235 576 289 transilita,
594 243 673 280 tam
694 251 814 293 agnus
849 241 963 292 quam
990 238 1131 282 festum
1165 239 1269 283 dicta
1300 248 1390 284 sunt

61 303 231 361 Pascha.

119 367 257 427 Agnus
275 370 462 426 paschatis
488 377 573 413 erat
595 370 717 425 figura
737 366 880 413 Christi
896 371 1105 422 immolati,
1124 379 1259 426 utpote
1277 375 1390 427 cujus

63 436 249 489 sanguine
260 435 309 476 ab
328 431 481 488 Angelo
489 435 742 488 percutiente,
756 432 798 474 id
812 439 881 484 est,
892 435 913 474 a
929 433 1084 475 diabolo
1097 431 1228 476 salvati
1239 446 1393 484 sumum

121 497 274 542 Timuit
317 495 560 554 sanguinem
587 494 788 552 Angelus,
826 499 974 542 sciebat
1000 502 1109 542 enim
1139 503 1245 554 cnjus
1283 508 1393 544 esset

65 573 206 624 typus,
225 558 396 614 horruit,
415 571 583 606 mortem
598 562 759 606 Domini
773 566 942 619 cogitans
956 596 968 618 ,
988 573 1189 621 propterea
1203 580 1284 608 non
1299 575 1392 610 tan-

59 634 175 688 gebat
192 637 336 692 postes.
356 627 408 672 D.
428 627 754 690 Chrysostomus.

123 689 172 740 Ϋ.
190 696 377 754 291'1dc
401 697 640 737 transierunt
653 709 790 737 mare..
794 695 902 737 .fide
922 691 996 751 qua
1013 692 1174 751 Moyses
1191 701 1231 737 et
1255 693 1284 737 J
1289 696 1390 740 udaei

68 759 315 802 crediderunt
332 757 436 803 Deo.
458 757 562 803 Vide
577 756 886 810 Exod.24.15‚
913 759 982 810 16,
1006 766 1096 809 etc.‚
1118 762 1279 814 ingressi
1299 770 1390 805 sunt

66 826 110 867 in
127 837 260 883 mare,
281 830 321 866 et
337 823 442 865 iltaesi
458 837 527 877 per
544 822 635 867 illud
647 852 660 874 ‚
681 823 798 876 quasi
810 837 881 875 per
897 823 1053 862 andam
1075 824 1320 866 transierunt.

130 889 250 946 Quod
260 891 414 944 experti
424 891 614 944 AEgyptii.
630 885 701 939 Gr.
722 891 826 943 cujus
842 892 1151 945 experimentum
1162 892 1398 945 accipientes

69 953 273 1013 AEgyptii,
304 956 476 1010 absorpti
494 962 607 1005 sunt;
631 955 671 996 id
691 962 775 1007 est,-
798 956 903 1010 quod
918 955 1091 998 infideles
1111 954 1287 1012 AEgyptii
1301 964 1395 1000 ten-

73 1025 156 1060 tare
175 1017 371 1067 volentes,
391 1020 585 1072 perierunt
602 1020 642 1060 in
658 1020 779 1072 aquis.

115 1078 189 1135 ss.
219 1080 417 1124 30.F1’dc
451 1085 557 1123 muri
585 1083 789 1126 Jericho...
824 1081 1023 1124 historiam
1056 1084 1146 1126 vide
1170 1082 1308 1129 Josue.
1337 1084 1395 1128 6:
1406 1122 1410 1125 .

73 1149 252 1190 tubarum
271 1148 418 1190 sonitus
438 1163 526 1190 cum
546 1148 625 1190 fide
646 1148 795 1201 editus,
820 1146 890 1188 fuit
906 1147 1171 1222 machinarum
1188 1151 1323 1204 instar,
1341 1154 1394 1194 ait:

73 1210 366 1254 Theodoretus.

131 1275 189 1330 ss.
211 1276 281 1319 31.
301 1276 404 1318 Fide
422 1275 568 1318 Rahab
592 1279 822 1321 meretrix...
849 1277 987 1319 auditis
997 1278 1188 1334 prodigiis
1215 1278 1395 1324 transitus

73 1343 299 1392 Judaeorum
310 1358 378 1399 per
391 1359 496 1386 mare
507 1342 704 1397 Rubrum,
719 1346 993 1387 submersionis
1002 1344 1294 1402 AEgyptiorum,
1305 1356 1375 1392 ete.
1367 1382 1395 1402 .,
1423 1357 1430 1365 “

73 1408 216 1453 Rahab
235 1409 423 1452 credidit·
413 1425 453 1451 ιιι
470 1408 600 1452 Deum
618 1413 723 1463 cujus
745 1410 907 1452 cultores
925 1418 1032 1462 erant
1049 1410 1241 1455 Israetitae.

133 1473 243 1516 Hinc
256 1476 403 1528 recepit
418 1488 486 1516 eos
516 1489 603 1516 cum
633 1489 725 1528 pace
743 1482 781 1517 et
805 1474 1102 1525 benevotentia;
1128 1483 1166 1517 et
1187 1486 1389 1532 propterea

75 1555 154 1597 non
170 1540 285 1593 periit
301 1555 390 1580 cum
409 1539 489 1580 aliis
519 1540 753 1590 mcredulcs,
788 1540 828 1581 id
846 1547 923 1591 est,
947 1541 1097 1582 civibus
1115 1538 1300 1595 Jericho,
1325 1547 1393 1598 qui

77 1613 134 1648 tot
151 1606 334 1662 prodigiis
353 1619 435 1645 non
456 1604 713 1647 crediderunt.

133 1668 187 1714 Et
205 1686 285 1714 non
305 1669 498 1724 prohibuit
518 1672 606 1711 vitae
627 1671 850 1724 improbitas
868 1670 1050 1725 salutem,
1070 1672 1158 1727 quia
1175 1671 1274 1714 fides
1294 1687 1396 1716 con-

76 1739 174 1780 texit
193 1736 350 1778 vulnera
372 1738 532 1791 peccati.
552 1733 843 1779 Theodoretus.

133 1797 191 1853 ss.
213 1799 285 1842 32.
308 1800 362 1841 Et
377 1801 471 1855 quid
481 1793 612 1841 adhuc
629 1798 761 1841 dicam
776 1801 800 1841 Ρ
817 1798 888 1842 Gr.
905 1799 1006 1840 dico.
1020 1796 1111 1856 Syr.
1129 1799 1220 1856 quid
1237 1800 1400 1857 amplius

64 1856 228 1910 rdicam?
255 1867 296 1908 id
322 1873 399 1918 est,
421 1867 514 1921 quid
531 1881 626 1921 opus
645 1873 703 1908 est
719 1864 794 1908 hac
810 1867 858 1908 de
875 1881 916 1908 re
939 1880 1003 1908 me
1022 1866 1127 1921 plura
1148 1867 1286 1922 loqui?

133 1930 280 1975 Multos
323 1933 451 1985 itaque
476 1933 755 1985 praetermittit,
781 1931 925 1987 aliquos
954 1937 1083 1971 tamen
1112 1936 1308 1982 recenset,
1331 1929 1402 1972 sed

74 1999 212 2042 ordine
224 2013 305 2041 non
317 2006 486 2048 servato;
507 2014 597 2041 nam
611 1997 733 2040 Barac
753 2005 842 2040 ante
857 1996 1090 2039 Gedeonem
1101 1997 1188 2051 fuit,
1206 2004 1245 2039 et
1256 1995 1403 2051 Jephte

77 2069 168 2104 ante
185 2060 418 2104 samsonem
430 2093 443 2115 ,
464 2069 501 2104 et
518 2060 672 2104 Samuel
689 2069 778 2104 ante
796 2060 994 2104 Davidem
1012 2075 1022 2100 z
1044 2063 1159 2114 porro
1173 2090 1184 2112 ,
1206 2059 1248 2101 hi
1266 2074 1404 2102 omnes

81 2145 151 2187 per
169 2130 288 2172 fidem
309 2145 447 2184 magna
466 2128 636 2184 gessere.

134 2194 349 2238 Historiam
385 2192 568 2248 Gedeon,
587 2196 677 2238 vide
710 2193 838 2254 Judic.
873 2194 915 2238 6.
951 2191 1099 2248 Barac,
1135 2195 1177 2247 4.
1215 2191 1403 2246 Samson,

75 2259 171 2304 Jud.
190 2262 256 2314 14.
275 2257 442 2317 jephte,
470 2257 566 2303 Jud.
591 2278 658 2306 11.

139 2325 198 2381 ss.
219 2323 291 2368 33.
313 2326 396 2381 Qui
420 2343 491 2381 per
502 2327 636 2382 fidem
668 2329 848 2372 vicerunt
872 2343 1035 2383 regna...
1072 2324 1383 2370 Chananaeorum
1400 2356 1412 2379 ,

79 2388 400 2447 Philistinorum,
419 2398 494 2436 etc.
