1430 2658
350 83 540 120 nittex
567 78 1052 135 axvosrrro.cap.11.
1300 79 1355 145 3'7

24 173 28 175 -
61 140 420 208 ffirdffsanguis
429 149 498 193 hic
514 165 596 194 non
611 153 825 207 significant
840 157 1000 200 vitiosos
1020 155 1192 210 affectus,
1214 165 1254 203 ut
1268 161 1360 208 alibi

36 227 179 273 τερος
198 215 270 258 sed
291 217 459 281 corporis
475 220 673 261 materiam
690 225 728 260 et
745 219 982 264 infirmitates
1010 223 1102 265 inde
1129 233 1356 296 sequentes,

33 273 262 325 s'e‘t'r'btrinia
282 274 451 345 corporis
479 281 649 324 mortalis
665 283 926 327 incommoda.

98 340 205 389 Et
180 359 277 400 npse,
302 345 342 387 id
359 342 443 399 est,
472 343 648 389 Christus
669 363 801 391 eorum
829 356 963 405 pater,
996 350 1109 394 stater
1136 360 1174 395 et
1208 356 1360 399 sancti-

44 411 197 454 ficator.

92 469 305 518 δέσθιίἱιᾞίει·
326 474 415 534 Syr.
433 473 573 518 eodem
592 475 733 527 mode,
759 475 798 517 id
816 483 903 528 est,
927 481 1020 520 vere
1041 486 1079 522 et
1107 482 1270 527 realiter.

97 541 359 596 Porticr’paor‘t
385 542 539 597 iisdem,
573 543 613 583 id
632 549 715 594 est,
745 544 847 584 carni
874 550 912 585 et
939 548 1136 599 sanguini,
1172 555 1214 590 ut
1245 555 1382 606 suprav

34 607 264 656 intellectis,
281 621 350 650 seu
376 607 496 649 voluit
524 607 662 649 iisdem
690 609 782 649 vitae
801 609 966 650 mortalis
985 617 1024 652 et
1043 612 1243 677 passibilis
1266 629 1360 670 par-

31 673 198 729 ticipare
227 671 503 715 incommodis.

104 734 247 793 Utper
265 745 471 779 mortem...
494 736 533 778 id
552 742 635 787 est,
653 743 694 778 ut
710 750 777 791 per
792 739 971 781 meritum
994 742 1178 795 passionis
1199 750 1236 786 et
1253 759 1359 787 mor-

39 798 420 854 tissu'aedeserueret.
442 798 512 844 Gr.
542 801 699 843 deleret.
717 799 802 856 Syr.
829 803 999 846 aboleret
1022 805 1163 849 diaboli
1180 816 1358 864 potesta-

39 873 124 910 tem
137 897 151 918 ‚
178 870 246 922 qm·
263 882 331 924 per
353 873 550 922 peccatum
569 867 743 907 habebat
759 868 894 908 morus
914 871 1134 923 i'.mpcrmm

99 933 301 995 Diabolus,
317 943 513 992 peccatum
529 934 738 983 suadendo,
754 934 933 979 homines
947 938 1134 982 reddebat
1150 945 1262 986 morti
1279 946 1359 987 ob-

35 984 211 1051 noxios:
227 1007 267 1042 et
308 1000 402 1043 illos
428 1014 497 1056 per
526 1007 724 1055 peccatum
770 1003 809 1042 in
848 1009 1012 1046 mortem
1041 997 1213 1050 trahebat
1238 1015 1361 1052 aeter-

40 1071 135 1104 mm
161 1078 172 1103 ε
202 1065 374 1120 quisquis
402 1066 506 1106 enirn
538 1071 695 1120 peccato
719 1072 778 1106 est
806 1067 1022 1123 obnoxius,
1050 1077 1088 1113 et
1127 1075 1241 1115 morti
1279 1075 1360 1116 ob·-

41 1130 187 1172 noxius
204 1135 276 1171 est.

104 1190 199 1235 Erat
220 1207 312 1248 ergo
345 1195 511 1255 quodam
523 1194 667 1261 jmodo
700 1197 878 1250 princeps
903 1200 1036 1241 mortis
1061 1208 1100 1243 et
1123 1205 1293 1261 corporis
1323 1210 1366 1247 et

40 1260 215 1308 animae,
235 1272 302 1300 seu
321 1248 541 1312 temporalis
567 1266 602 1300 et
621 1265 784 1302 aeternae.

103 1319 225 1364 Hunc
244 1330 371 1364 autem
393 1326 527 1365 mortis
561 1324 796 1379 principem,
818 1322 993 1369 Christus
1021 1332 1098 1372 vita
1118 1337 1156 1373 et
1194 1331 1278 1375 fons
1297 1336 1364 1377 vi·-

42 1392 124 1438 oe,
143 1400 214 1441 per
230 1392 395 1429 mortem
417 1390 559 1442 ipsam,
578 1389 787 1441 destruxit,
813 1396 1026 1437 enervavit.

28 1510 35 1514 ἱ
106 1447 254 1507 Y.15.
274 1452 330 1492 Ec
353 1453 534 1494 laberoret
550 1469 659 1497 eos...
681 1456 721 1498 id
740 1462 818 1507 est,
849 1472 900 1500 ex
919 1462 1040 1502 servis
1061 1461 1201 1504 liberos
1223 1462 1360 1507 faceret

30 1532 118 1585 'eos
137 1533 234 1576 quos
252 1521 367 1562 timor
387 1521 533 1571 mortis,
556 1523 660 1575 quasi
681 1529 875 1578 tyrannus,
893 1526 964 1566 sub
988 1524 1056 1568 sua
1075 1527 1236 1581 ditione,
1255 1533 1361 1584 quasi

43 1585 254 1646 mandrita,
276 1598 344 1645 per
361 1590 478 1629 totam
498 1588 616 1628 vitam
637 1587 849 1631 detinebat.

102 1655 213 1703 Ante
231 1655 424 1702 Christum
442 1689 453 1710 ‚
481 1654 594 1700 timor
615 1655 767 1709 mortis,
789 1658 894 1713 quasi
921 1662 1106 1712 tyrannus
1121 1688 1133 1712 ‚
1153 1657 1332 1704 homines
1345 1692 1365 1715 ,

53 1728 164 1782 quasi
179 1740 335 1777 servos,
354 1726 542 1767 continuis
561 1725 748 1767 cruciabat
766 1726 961 1779 angustiis.

107 1789 168 1842 Si,
194 1799 235 1833 ut
256 1789 456 1847 Epicurei,
476 1790 680 1833 credebant
696 1797 861 1832 mortem
884 1791 1054 1832 omnium
1075 1804 1200 1833 rerum
1220 1790 1362 1847 finem,

47 1859 121 1903 illis
142 1875 246 1903 mors
265 1867 344 1904 erat
359 1860 578 1902 terribilium
599 1861 927 1904 terribilissimam.

105 1923 177 1970 Ad
209 1927 332 1970 solum
359 1942 503 1970 nomen
537 1929 668 1969 mortis
703 1928 1013 1983 expallescebant—
1043 1933 1081 1969 et
1107 1926 1360 1969 vehementer

45 1996 290 2042 commoveri
306 1993 478 2036 solebant
502 1991 706 2049 Epicurei,
731 1991 936 2036 Plutarcho
963 2000 1072 2035 teste.

106 2055 150 2100 Si
175 2066 301 2101 autem
335 2060 498 2101 animam
531 2059 739 2101 credebant
769 2059 1047 2110 immortalem,
1081 2063 1119 2099 et
1150 2057 1242 2107 illis,
1275 2060 1362 2114 quia

50 2123 278 2179 plerumque
294 2126 415 2178 impii,
438 2126 591 2177 impuri,
616 2126 715 2165 vitiis
735 2123 852 2165 dediti
872 2155 882 2175 ,
909 2137 1012 2165 mors
1041 2127 1123 2163 erat
1159 2122 1364 2164 terribilis-

50 2191 154 2233 simo
177 2189 393 2232 terribilius.

111 2259 287 2304 Christus
313 2275 408 2303 suos*
424 2263 470 2304 ab
492 2261 566 2304 hoc
584 2263 717 2305 liberat
738 2269 904 2318 tyranno
920 2292 932 2315 ‚
954 2264 1040 2318 quia
1064 2275 1131 2305 eos
1159 2267 1197 2303 et
1220 2263 1242 2303 a
1263 2263 1381 2316 vitiis*

46 2325 210 2378 liberat,
234 2334 272 2369 et
296 2334 451 2370 aeternae
475 2330 566 2370 vitae
588 2335 715 2370 certos
740 2328 845 2370 facit.

96 2389 221 2436 -Mors
253 2392 354 2435 fideli
389 2395 630 2437 miseriarum
665 2402 722 2437 est
752 2394 864 2447 linis,
895 2399 1047 2436 aeternae
1076 2391 1262 2435 felicitatis
1295 2391 1367 2432 in·-

49 2461 227 2506 choatirr.
