1430 2658
75 66 164 95 ,122
466 57 683 98 aristonis
710 57 773 89 An
802 55 1018 98 mames

653 137 834 178 ’rauro-

142 226 205 272 Ex
226 225 275 272 Ῡ.
307 243 327 281 7
351 231 392 267 et
417 224 664 268 similitudine
697 226 752 267 ibi
787 222 893 267 auara
914 222 1047 279 collige
1069 228 1108 265 et
1143 227 1234 266 min
1259 224 1397 279 quanta

87 307 175 339 cum
192 290 388 340 sedulitate
411 288 554 333 debeas
573 288 768 333 coelestem
788 288 934 332 divinae
949 289 1077 343 gratiae
1096 285 1274 344 pluviem
1292 292 1397 332 reci-

89 371 184 415 pere
203 358 314 413 eique
331 357 543 411 cooperari.

145 420 291 466 Anima
312 428 373 464 tua
395 435 485 476 ager
500 417 581 462 Dei
600 426 680 470 est3
703 416 973 474 Evangelium‚
986 418 1149 460 verbum
1160 413 1251 469 Dei,
1264 431 1399 461 semen

89 494 146 531 est
163 487 264 544 quod
285 484 419 529 Deus
409 500 447 527 m
466 483 592 528 anima
612 483 700 538 tua,
721 485 852 528 velut
843 500 881 526 in
898 498 988 538 agro
1001 497 1088 535 suo,
1106 482 1396 526 disseminavit:

91 553 208 609 gratia
225 565 295 608 per
315 558 553 593 sacramenta
578 551 649 592 tibi
663 557 738 592 tam
755 563 862 606 saepe
879 548 1034 600 collata,
1050 562 1115 590 ros
1133 553 1192 590 est
1209 553 1265 590 et
1260 525 1400 604 pluvia

91 618 267 669 coelestis‚
287 615 360 671 qua
373 614 480 658 Deus
493 630 626 671 agrum
636 629 765 668 suum,
790 616 960 658 animam
995 621 1104 658 tuam
1123 615 1247 658 verbo
1267 613 1397 658 soetam

91 684 233 737 irrigat.

145 745 276 789 Tuum
293 751 352 787 est
379 744 480 786 hanc
501 744 668 799 pluviam
685 746 856 799 recipere
869 776 881 797 ,
903 744 1154 798 combibere,
1191 755 1330 785 cavere
1349 757 1400 786 ne

89 813 228 858 defluat
240 844 253 866 ‚
273 815 308 855 ei
324 814 562 863 consentire,
587 814 811 868 cooperari,
834 826 965 854 curare
983 817 1026 853 ut
1048 826 1099 854 ex
1117 810 1160 853 ea
1178 817 1215 853 et
1234 824 1302 864 per
1316 824 1400 853 eam

90 880 277 934 germinet
294 884 332 919 et
350 875 570 918 adolescant
587 879 734 919 semina
750 878 897 931 pietatis
915 878 955 918 in
970 883 1009 918 te
1026 875 1143 917 indita
1154 906 1165 925 ,
1185 873 1401 930 fructusque

89 945 296 1000 producant
311 941 400 986 Deo
421 950 559 998 gratos.
584 943 675 985 Hoc
685 946 717 985 si
729 942 863 994 facias,
891 946 912 985 a
934 940 1024 985 Deo
1045 942 1305 985 benediceris.

147 1007 216 1052 Sin
227 1016 355 1052 autem
372 1011 497 1050 anima
517 1015 602 1061 tua,
623 1007 695 1050 hac
716 1006 859 1062 rejecta
882 1006 1007 1062 pluvia
1030 1007 1173 1049 coelesti
1186 1037 1199 1058 ,
1221 1012 1262 1047 et
1276 1003 1402 1047 suffo-

91 1080 176 1116 cato
196 1076 345 1127 pietatis
361 1075 509 1116 semine
522 1104 532 1124 ‚
551 1075 678 1128 spinas
695 1072 859 1127 proferat
877 1078 915 1114 et
931 1070 1090 1112 tribulos
1104 1101 1116 1124 ‚
1136 1069 1400 1112 maledictioni

91 1139 266 1196 proxima
284 1147 340 1182 est
353 1172 364 1192 ,
389 1146 427 1182 et
447 1139 627 1181 incendio
647 1141 773 1181 statim
793 1137 1036 1194 deputanda,
1053 1137 1135 1180 nisi
1158 1139 1234 1179 cito
1261 1150 1403 1180 emen·-

93 1204 256 1246 ‹laveris-

148 1267 242 1312 Non
256 1275 342 1310 sunt
356 1267 418 1310 hae
435 1270 551 1310 minae
571 1265 708 1321 Pauli,
741 1282 821 1310 non
840 1273 927 1309 sunt
946 1267 1067 1309 verba
1091 1265 1287 1316 homini„
1316 1273 1403 1308 sunt

93 1333 253 1391 Spiritus
264 1337 395 1386 sancti,
419 1341 506 1376 sunt
521 1331 683 1385 Christi,
702 1335 820 1389 quiin
841 1335 924 1388 ipso
941 1332 1128 1390 loquitur,
1141 1334 1193 1374 ait
1207 1329 1258 1374 D.
1273 1328 1401 1387 Chry-

93 1407 298 1443 sostomus.

151 1463 285 1520 Itaque
305 1466 405 1507 serio
425 1463 581 1506 attende
599 1464 688 1514 tibi,
708 1469 746 1505 et
762 1463 855 1505 vide
870 1477 917 1504 an
930 1465 1082 1518 pietatis.
1094 1461 1235 1506 fructus
1252 1462 1401 1519 produ-

96 1531 185 1574 cas?
201 1543 249 1572 an
272 1532 427 1585 spinas?
445 1529 566 1572 Time
589 1537 627 1572 et
641 1544 728 1571 cura
751 1543 800 1571 ne
819 1531 1034 1584 germinent
1051 1531 1186 1583 spinae.

149 1593 311 1650 Semper
326 1597 518 1646 bibimus,
549 1594 653 1637 addit
678 1592 1007 1650 Chrysostomus‚
1032 1606 1186 1648 semper
1213 1591 1401 1641 audimus,

93 1659 164 1701 sed
183 1658 387 1700 humorem
407 1661 531 1702 statim
548 1658 766 1714 perdimus:
787 1666 988 1714 propterea
1007 1659 1154 1700 oriente
1174 1656 1256 1699 sole
1277 1659 1407 1715 spinas

98 1722 356 1776 producimus.

157 1784 201 1827 Ο
219 1784 328 1827 Deus
351 1785 591 1828 misericors!
617 1785 665 1826 da
691 1792 730 1826 ut
750 1787 874 1827 anima
893 1800 1004 1837 mea,
1033 1792 1099 1827 tuo
1129 1785 1312 1840 sanguine
1331 1791 1406 1827 tarn

102 1862 201 1903 saepe
216 1849 388 1902 irrigata,
409 1851 457 1890 sit
484 1851 506 1889 ὲι
524 1849 643 1902 spinis
662 1848 828 1902 munda,
852 1856 890 1892 et
911 1848 1052 1891 fructus
1080 1847 1141 1891 tua
1159 1847 1275 1903 gratia
1293 1850 1409 1905 pariat

102 1913 175 1954 tibi
187 1919 326 1967 gratos.

662 1974 853 2021 QUARTo.

159 2075 224 2119 Ex
238 2071 284 2120 3⁵.
306 2093 369 2134 17.
391 2077 495 2120 disce
518 2092 603 2120 cum
619 2079 780 2133 gaudio,
805 2085 846 2122 et
868 2087 960 2122 nota
990 2080 1092 2136 quod
1113 2082 1316 2136 promissio
1332 2077 1411 2123 Dei

101 2142 199 2185 sacia
223 2138 392 2184 Abrahae
413 2142 484 2183 sub
504 2145 737 2196 juramento,
761 2151 910 2199 spectet
929 2144 978 2187 ad
1000 2160 1072 2188 nos
1090 2143 1353 2199 Christianos,
1370 2152 1411 2188 ut

99 2210 245 2252 firmior
263 2210 312 2250 sit
333 2223 422 2264 spes
439 2218 583 2253 nostra.

155 2270 270 2317 Dens>
293 2274 406 2315 nobis
442 2275 672 2330 spiritualem
707 2284 746 2319 et
774 2284 955 2323 aeternam
985 2280 1027 2321 in
1059 2275 1241 2330 Christo,
1275 2284 1313 2321 et
1349 2293 1415 2333 per

98 2335 292 2381 Chnistmn
308 2338 622 2383 benedictionem
645 2344 843 2394 promisit3
863 2341 998 2398 Deus,
1015 2345 1164 2387 veritas
1181 2344 1266 2399 ipsa
1279 2373 1293 2396 ,
1317 2341 1416 2384 hanc

97 2415 204 2445 suam
226 2405 525 2460 promissionem
540 2406 754 2459 juramento
777 2407 958 2454 firmavit.
