<?xml version="1.0" encoding="UTF-8"?>
<!DOCTYPE html PUBLIC "-//W3C//DTD XHTML 1.0 Transitional//EN"
    "http://www.w3.org/TR/xhtml1/DTD/xhtml1-transitional.dtd">
<html xmlns="http://www.w3.org/1999/xhtml" xml:lang="en" lang="en">
 <head>
  <title>
</title>
<meta http-equiv="Content-Type" content="text/html;charset=utf-8" />
  <meta name='ocr-system' content='tesseract 3.04.00' />
  <meta name='ocr-capabilities' content='ocr_page ocr_carea ocr_par ocr_line ocrx_word'/>
</head>
<body>
  <div class='ocr_page' id='page_1' title='image "./epistolaumbpauli06picq_0344.png"; bbox 0 0 1474 2658; ppageno 0'>
   <div class='ocr_carea' id='block_1_1' title="bbox 111 9 1162 163">
    <p class='ocr_par' dir='ltr' id='par_1_1' title="bbox 111 9 1162 163">
     <span class='ocr_line' id='line_1_1' title="bbox 111 9 1162 78; baseline 0.01 -11"><span class='ocrx_word' id='word_1_1' title='bbox 111 28 200 75; x_wconf 72' lang='lat'><strong>328</strong></span> <span class='ocrx_word' id='word_1_2' title='bbox 418 38 738 76; x_wconf 59' lang='lat' dir='ltr'><strong>lum-num!</strong></span> <span class='ocrx_word' id='word_1_3' title='bbox 764 39 825 75; x_wconf 63' lang='lat'><strong>2³·</strong></span> <span class='ocrx_word' id='word_1_4' title='bbox 856 40 1133 78; x_wconf 55' lang='lat' dir='ltr'><strong>*nmffls</strong></span> <span class='ocrx_word' id='word_1_5' title='bbox 1158 9 1162 13; x_wconf 91' lang='lat'><strong><em>‘</em></strong></span> 
     </span>
     <span class='ocr_line' id='line_1_2' title="bbox 507 109 975 163; baseline 0.009 -11"><span class='ocrx_word' id='word_1_6' title='bbox 507 150 509 152; x_wconf 82' lang='grc'>,</span> <span class='ocrx_word' id='word_1_7' title='bbox 567 109 720 163; x_wconf 58' lang='lat' dir='ltr'><strong>w&gt;-</strong></span> <span class='ocrx_word' id='word_1_8' title='bbox 739 114 975 156; x_wconf 56' lang='lat' dir='ltr'><strong>analafus.</strong></span> 
     </span>
    </p>
   </div>
   <div class='ocr_carea' id='block_1_2' title="bbox 110 195 1422 537">
    <p class='ocr_par' dir='ltr' id='par_1_2' title="bbox 113 195 1102 245">
     <span class='ocr_line' id='line_1_3' title="bbox 113 195 1102 245; baseline 0.003 -9"><span class='ocrx_word' id='word_1_9' title='bbox 113 197 230 237; x_wconf 77' lang='lat' dir='ltr'><strong>Adam</strong></span> <span class='ocrx_word' id='word_1_10' title='bbox 249 196 355 245; x_wconf 81' lang='lat' dir='ltr'><strong>origo</strong></span> <span class='ocrx_word' id='word_1_11' title='bbox 373 195 519 243; x_wconf 66' lang='lat' dir='ltr'><strong>mortis,</strong></span> <span class='ocrx_word' id='word_1_12' title='bbox 539 196 712 236; x_wconf 68' lang='lat' dir='ltr'><strong>Christus</strong></span> <span class='ocrx_word' id='word_1_13' title='bbox 735 197 820 236; x_wconf 82' lang='lat' dir='ltr'><strong>sons</strong></span> <span class='ocrx_word' id='word_1_14' title='bbox 834 199 934 238; x_wconf 78' lang='lat' dir='ltr'><strong>vitae.</strong></span> <span class='ocrx_word' id='word_1_15' title='bbox 955 198 989 237; x_wconf 94' lang='grc' dir='ltr'><strong>Ῑ.</strong></span> <span class='ocrx_word' id='word_1_16' title='bbox 1015 203 1102 240; x_wconf 81' lang='grc'><strong>119.</strong></span> 
     </span>
    </p>

    <p class='ocr_par' dir='ltr' id='par_1_3' title="bbox 113 254 1243 302">
     <span class='ocr_line' id='line_1_4' title="bbox 113 254 1243 302; baseline 0.004 -10"><span class='ocrx_word' id='word_1_17' title='bbox 113 257 230 293; x_wconf 82' lang='lat' dir='ltr'><strong>Adam</strong></span> <span class='ocrx_word' id='word_1_18' title='bbox 242 260 280 292; x_wconf 89' lang='lat' dir='ltr'><strong>et</strong></span> <span class='ocrx_word' id='word_1_19' title='bbox 296 254 466 291; x_wconf 85' lang='lat' dir='ltr'><strong>Christus</strong></span> <span class='ocrx_word' id='word_1_20' title='bbox 481 255 624 292; x_wconf 77' lang='lat' dir='ltr'><strong>similes</strong></span> <span class='ocrx_word' id='word_1_21' title='bbox 639 255 680 291; x_wconf 90' lang='lat' dir='ltr'><strong>in</strong></span> <span class='ocrx_word' id='word_1_22' title='bbox 697 257 947 302; x_wconf 87' lang='lat' dir='ltr'><strong>contrarium,</strong></span> <span class='ocrx_word' id='word_1_23' title='bbox 966 255 1000 294; x_wconf 91' lang='lat'><strong>1.</strong></span> <span class='ocrx_word' id='word_1_24' title='bbox 1023 260 1108 295; x_wconf 80' lang='lat'><strong>119.</strong></span> <span class='ocrx_word' id='word_1_25' title='bbox 1139 261 1223 299; x_wconf 76' lang='lat'><strong>120.</strong></span> <span class='ocrx_word' id='word_1_26' title='bbox 1239 272 1243 277; x_wconf 95' lang='lat'>·</span> 
     </span>
    </p>

    <p class='ocr_par' dir='ltr' id='par_1_4' title="bbox 112 310 1264 353">
     <span class='ocr_line' id='line_1_5' title="bbox 112 310 1264 353; baseline 0.003 -4"><span class='ocrx_word' id='word_1_27' title='bbox 112 312 228 349; x_wconf 78' lang='lat' dir='ltr'><strong>Adam</strong></span> <span class='ocrx_word' id='word_1_28' title='bbox 247 316 285 348; x_wconf 90' lang='lat' dir='ltr'><strong>et</strong></span> <span class='ocrx_word' id='word_1_29' title='bbox 298 310 517 348; x_wconf 80' lang='lat' dir='ltr'><strong>Christusin</strong></span> <span class='ocrx_word' id='word_1_30' title='bbox 533 312 660 349; x_wconf 89' lang='lat' dir='ltr'><strong>multis</strong></span> <span class='ocrx_word' id='word_1_31' title='bbox 677 312 891 351; x_wconf 78' lang='lat' dir='ltr'><strong>dissimiles.</strong></span> <span class='ocrx_word' id='word_1_32' title='bbox 911 314 944 350; x_wconf 83' lang='lat'><strong>1.</strong></span> <span class='ocrx_word' id='word_1_33' title='bbox 966 317 1049 350; x_wconf 82' lang='grc'><strong>119.</strong></span> <span class='ocrx_word' id='word_1_34' title='bbox 1069 316 1152 352; x_wconf 80' lang='grc'><strong>120.</strong></span> <span class='ocrx_word' id='word_1_35' title='bbox 1180 317 1264 353; x_wconf 82' lang='grc'><strong>121.</strong></span> 
     </span>
    </p>

    <p class='ocr_par' dir='ltr' id='par_1_5' title="bbox 113 364 1422 474">
     <span class='ocr_line' id='line_1_6' title="bbox 113 364 1422 418; baseline 0.003 -12"><span class='ocrx_word' id='word_1_36' title='bbox 113 369 252 417; x_wconf 83' lang='lat' dir='ltr'><strong>Christi</strong></span> <span class='ocrx_word' id='word_1_37' title='bbox 265 364 384 417; x_wconf 80' lang='lat' dir='ltr'><strong>gratia</strong></span> <span class='ocrx_word' id='word_1_38' title='bbox 398 369 582 417; x_wconf 80' lang='lat' dir='ltr'><strong>praeceliit</strong></span> <span class='ocrx_word' id='word_1_39' title='bbox 594 369 636 406; x_wconf 89' lang='lat' dir='ltr'><strong>in</strong></span> <span class='ocrx_word' id='word_1_40' title='bbox 653 370 883 409; x_wconf 63' lang='lat' dir='ltr'><strong>nuutiudae</strong></span> <span class='ocrx_word' id='word_1_41' title='bbox 893 374 1092 418; x_wconf 85' lang='lat' dir='ltr'><strong>peccatum</strong></span> <span class='ocrx_word' id='word_1_42' title='bbox 1100 381 1112 414; x_wconf 90' lang='lat'>;</span> <span class='ocrx_word' id='word_1_43' title='bbox 1131 381 1199 409; x_wconf 85' lang='lat' dir='ltr'><strong>seu</strong></span> <span class='ocrx_word' id='word_1_44' title='bbox 1211 370 1332 409; x_wconf 59' lang='lat' dir='ltr'><strong>multi)</strong></span> <span class='ocrx_word' id='word_1_45' title='bbox 1345 371 1422 410; x_wconf 88' lang='lat' dir='ltr'><strong>mi-</strong></span> 
     </span>
     <span class='ocr_line' id='line_1_7' title="bbox 163 426 1417 474; baseline 0.003 -11"><span class='ocrx_word' id='word_1_46' title='bbox 163 426 235 463; x_wconf 74' lang='lat' dir='ltr'><strong>nus</strong></span> <span class='ocrx_word' id='word_1_47' title='bbox 246 426 376 463; x_wconf 79' lang='lat' dir='ltr'><strong>nocuit</strong></span> <span class='ocrx_word' id='word_1_48' title='bbox 391 426 567 472; x_wconf 71' lang='lat' dir='ltr'><strong>Adamas,</strong></span> <span class='ocrx_word' id='word_1_49' title='bbox 580 427 692 473; x_wconf 77' lang='lat' dir='ltr'><strong>quam</strong></span> <span class='ocrx_word' id='word_1_50' title='bbox 706 427 849 474; x_wconf 81' lang='lat' dir='ltr'><strong>profuit</strong></span> <span class='ocrx_word' id='word_1_51' title='bbox 861 427 1044 465; x_wconf 82' lang='lat' dir='ltr'><strong>Christus.</strong></span> <span class='ocrx_word' id='word_1_52' title='bbox 1059 426 1094 465; x_wconf 86' lang='grc' dir='ltr'><strong>Ι.</strong></span> <span class='ocrx_word' id='word_1_53' title='bbox 1112 431 1196 466; x_wconf 70' lang='lat'><strong>120.</strong></span> <span class='ocrx_word' id='word_1_54' title='bbox 1219 433 1303 468; x_wconf 78' lang='lat'><strong>121.</strong></span> <span class='ocrx_word' id='word_1_55' title='bbox 1324 433 1417 468; x_wconf 85' lang='lat'><strong>125.</strong></span> 
     </span>
    </p>

    <p class='ocr_par' dir='ltr' id='par_1_6' title="bbox 110 485 960 537">
     <span class='ocr_line' id='line_1_8' title="bbox 110 485 960 537; baseline 0 -12"><span class='ocrx_word' id='word_1_56' title='bbox 110 487 200 526; x_wconf 78' lang='lat' dir='ltr'><strong>Adae</strong></span> <span class='ocrx_word' id='word_1_57' title='bbox 213 490 412 537; x_wconf 82' lang='lat' dir='ltr'><strong>peccatum</strong></span> <span class='ocrx_word' id='word_1_58' title='bbox 428 485 502 522; x_wconf 82' lang='lat' dir='ltr'><strong>fuit</strong></span> <span class='ocrx_word' id='word_1_59' title='bbox 519 486 794 524; x_wconf 79' lang='lat' dir='ltr'><strong>inobedientia.</strong></span> <span class='ocrx_word' id='word_1_60' title='bbox 816 486 850 525; x_wconf 93' lang='grc' dir='ltr'><strong>Ι.</strong></span> <span class='ocrx_word' id='word_1_61' title='bbox 878 492 960 525; x_wconf 84' lang='grc'><strong>122.</strong></span> 
     </span>
    </p>
   </div>
   <div class='ocr_carea' id='block_1_3' title="bbox 574 574 961 610">
    <p class='ocr_par' dir='ltr' id='par_1_7' title="bbox 574 574 961 610">
     <span class='ocr_line' id='line_1_9' title="bbox 574 574 961 610; baseline 0.005 -3"><span class='ocrx_word' id='word_1_62' title='bbox 574 574 773 608; x_wconf 78' lang='grc' dir='ltr'><strong>ΔΒΟΡΤΙΟ</strong></span> <span class='ocrx_word' id='word_1_63' title='bbox 790 575 961 610; x_wconf 64' lang='lat' dir='ltr'><strong>Divum.</strong></span> 
     </span>
    </p>
   </div>
   <div class='ocr_carea' id='block_1_4' title="bbox 111 651 1428 989">
    <p class='ocr_par' dir='ltr' id='par_1_8' title="bbox 111 651 1426 761">
     <span class='ocr_line' id='line_1_10' title="bbox 111 651 1426 704; baseline 0.005 -12"><span class='ocrx_word' id='word_1_64' title='bbox 111 654 273 704; x_wconf 76' lang='lat' dir='ltr'><strong>Adoptio</strong></span> <span class='ocrx_word' id='word_1_65' title='bbox 295 654 460 691; x_wconf 78' lang='lat' dir='ltr'><strong>filiorum</strong></span> <span class='ocrx_word' id='word_1_66' title='bbox 479 653 549 691; x_wconf 90' lang='lat' dir='ltr'><strong>Dei</strong></span> <span class='ocrx_word' id='word_1_67' title='bbox 578 657 634 691; x_wconf 84' lang='lat' dir='ltr'><strong>est</strong></span> <span class='ocrx_word' id='word_1_68' title='bbox 654 653 890 702; x_wconf 79' lang='lat' dir='ltr'><strong>justificatio</strong></span> <span class='ocrx_word' id='word_1_69' title='bbox 881 654 938 691; x_wconf 75' lang='lat' dir='ltr'><strong>,iis</strong></span> <span class='ocrx_word' id='word_1_70' title='bbox 956 654 1129 694; x_wconf 78' lang='lat' dir='ltr'><strong>effectus</strong></span> <span class='ocrx_word' id='word_1_71' title='bbox 1157 651 1426 698; x_wconf 73' lang='lat' dir='ltr'><strong>1.1&#39;12.vide</strong></span> 
     </span>
     <span class='ocr_line' id='line_1_11' title="bbox 160 711 418 761; baseline -0.008 -11"><span class='ocrx_word' id='word_1_72' title='bbox 160 711 418 761; x_wconf 79' lang='lat' dir='ltr'><strong>Justificatio.</strong></span> 
     </span>
    </p>

    <p class='ocr_par' dir='ltr' id='par_1_9' title="bbox 111 766 1428 878">
     <span class='ocr_line' id='line_1_12' title="bbox 111 766 1428 822; baseline 0.002 -13"><span class='ocrx_word' id='word_1_73' title='bbox 111 772 258 820; x_wconf 79' lang='lat' dir='ltr'><strong>Dupiex</strong></span> <span class='ocrx_word' id='word_1_74' title='bbox 276 775 332 808; x_wconf 89' lang='lat' dir='ltr'><strong>est</strong></span> <span class='ocrx_word' id='word_1_75' title='bbox 345 769 501 818; x_wconf 82' lang='lat' dir='ltr'><strong>adoptio</strong></span> <span class='ocrx_word' id='word_1_76' title='bbox 513 769 678 807; x_wconf 84' lang='lat' dir='ltr'><strong>fitiorum</strong></span> <span class='ocrx_word' id='word_1_77' title='bbox 695 770 785 807; x_wconf 92' lang='lat' dir='ltr'><strong>Dei:</strong></span> <span class='ocrx_word' id='word_1_78' title='bbox 803 769 1022 818; x_wconf 84' lang='lat' dir='ltr'><strong>imperfecta</strong></span> <span class='ocrx_word' id='word_1_79' title='bbox 1040 766 1154 819; x_wconf 82' lang='lat' dir='ltr'><strong>hujus</strong></span> <span class='ocrx_word' id='word_1_80' title='bbox 1171 774 1322 819; x_wconf 84' lang='lat' dir='ltr'><strong>saeculi,</strong></span> <span class='ocrx_word' id='word_1_81' title='bbox 1337 784 1428 822; x_wconf 77' lang='lat' dir='ltr'><strong>per·</strong></span> 
     </span>
     <span class='ocr_line' id='line_1_13' title="bbox 161 827 1420 878; baseline 0 -11"><span class='ocrx_word' id='word_1_82' title='bbox 161 830 259 867; x_wconf 77' lang='lat' dir='ltr'><strong>secta</strong></span> <span class='ocrx_word' id='word_1_83' title='bbox 283 828 401 866; x_wconf 87' lang='lat' dir='ltr'><strong>futuri</strong></span> <span class='ocrx_word' id='word_1_84' title='bbox 418 828 560 866; x_wconf 84' lang='lat' dir='ltr'><strong>saeculi.</strong></span> <span class='ocrx_word' id='word_1_85' title='bbox 590 829 624 866; x_wconf 90' lang='grc' dir='ltr'><strong>Ι.</strong></span> <span class='ocrx_word' id='word_1_86' title='bbox 662 832 746 865; x_wconf 84' lang='grc'><strong>197.</strong></span> <span class='ocrx_word' id='word_1_87' title='bbox 767 827 896 864; x_wconf 80' lang='lat' dir='ltr'><strong>Sancti</strong></span> <span class='ocrx_word' id='word_1_88' title='bbox 914 829 1095 865; x_wconf 84' lang='lat' dir='ltr'><strong>anbelant</strong></span> <span class='ocrx_word' id='word_1_89' title='bbox 1122 830 1169 865; x_wconf 88' lang='lat' dir='ltr'><strong>ad</strong></span> <span class='ocrx_word' id='word_1_90' title='bbox 1197 829 1420 878; x_wconf 76' lang='lat' dir='ltr'><strong>perfectam.</strong></span> 
     </span>
    </p>

    <p class='ocr_par' dir='ltr' id='par_1_10' title="bbox 111 892 1423 989">
     <span class='ocr_line' id='line_1_14' title="bbox 111 892 1423 989; baseline 0.001 -7"><span class='ocrx_word' id='word_1_91' title='bbox 111 892 291 982; x_wconf 49' lang='lat' dir='ltr'><strong>Filiifflijei</strong></span> <span class='ocrx_word' id='word_1_92' title='bbox 315 954 418 980; x_wconf 89' lang='lat' dir='ltr'><strong>nunc</strong></span> <span class='ocrx_word' id='word_1_93' title='bbox 444 941 655 989; x_wconf 84' lang='lat' dir='ltr'><strong>incogniti,</strong></span> <span class='ocrx_word' id='word_1_94' title='bbox 681 940 887 989; x_wconf 73' lang='lat' dir='ltr'><strong>patefactio</strong></span> <span class='ocrx_word' id='word_1_95' title='bbox 919 940 987 978; x_wconf 84' lang='lat' dir='ltr'><strong>fiet</strong></span> <span class='ocrx_word' id='word_1_96' title='bbox 1013 941 1055 978; x_wconf 89' lang='lat' dir='ltr'><strong>in</strong></span> <span class='ocrx_word' id='word_1_97' title='bbox 1081 940 1158 979; x_wconf 86' lang='lat' dir='ltr'><strong>fine</strong></span> <span class='ocrx_word' id='word_1_98' title='bbox 1180 945 1423 982; x_wconf 68' lang='lat' dir='ltr'><strong>saeculorum.</strong></span> 
     </span>
    </p>
   </div>
   <div class='ocr_carea' id='block_1_5' title="bbox 163 1001 988 1085">
    <p class='ocr_par' dir='ltr' id='par_1_11' title="bbox 163 1001 988 1085">
     <span class='ocr_line' id='line_1_15' title="bbox 163 1001 988 1085; baseline -0.001 0"><span class='ocrx_word' id='word_1_99' title='bbox 163 1001 197 1038; x_wconf 90' lang='lat'><strong>1.</strong></span> <span class='ocrx_word' id='word_1_100' title='bbox 225 1005 311 1038; x_wconf 45' lang='grc' dir='ltr'><strong>’Μ’</strong></span> <span class='ocrx_word' id='word_1_101' title='bbox 549 1051 786 1085; x_wconf 82' lang='lat' dir='ltr'><strong>ADVENTUS</strong></span> <span class='ocrx_word' id='word_1_102' title='bbox 814 1050 988 1084; x_wconf 73' lang='lat' dir='ltr'><strong>nomm.</strong></span> 
     </span>
    </p>
   </div>
   <div class='ocr_carea' id='block_1_6' title="bbox 110 1133 1431 2452">
    <p class='ocr_par' dir='ltr' id='par_1_12' title="bbox 110 1133 1361 1182">
     <span class='ocr_line' id='line_1_16' title="bbox 110 1133 1361 1182; baseline 0.002 -8"><span class='ocrx_word' id='word_1_103' title='bbox 110 1137 200 1174; x_wconf 89' lang='lat' dir='ltr'><strong>Dies</strong></span> <span class='ocrx_word' id='word_1_104' title='bbox 212 1135 397 1174; x_wconf 73' lang='lat' dir='ltr'><strong>adventus</strong></span> <span class='ocrx_word' id='word_1_105' title='bbox 412 1133 564 1173; x_wconf 88' lang='lat' dir='ltr'><strong>Domini</strong></span> <span class='ocrx_word' id='word_1_106' title='bbox 583 1134 710 1171; x_wconf 86' lang='lat' dir='ltr'><strong>veniet</strong></span> <span class='ocrx_word' id='word_1_107' title='bbox 728 1134 926 1182; x_wconf 74' lang='lat' dir='ltr'><strong>inopinato</strong></span> <span class='ocrx_word' id='word_1_108' title='bbox 941 1163 950 1179; x_wconf 92' lang='lat'>‚</span> <span class='ocrx_word' id='word_1_109' title='bbox 967 1134 1067 1180; x_wconf 81' lang='lat' dir='ltr'><strong>sicut</strong></span> <span class='ocrx_word' id='word_1_110' title='bbox 1086 1136 1159 1173; x_wconf 81' lang='lat' dir='ltr'><strong>fur.</strong></span> <span class='ocrx_word' id='word_1_111' title='bbox 1182 1137 1253 1176; x_wconf 78' lang='lat' dir='ltr'><strong>tv.</strong></span> <span class='ocrx_word' id='word_1_112' title='bbox 1274 1140 1361 1176; x_wconf 73' lang='lat'><strong>⁴6¹1.</strong></span> 
     </span>
    </p>

    <p class='ocr_par' dir='ltr' id='par_1_13' title="bbox 110 1192 1429 1346">
     <span class='ocr_line' id='line_1_17' title="bbox 110 1192 1429 1243; baseline 0.002 -12"><span class='ocrx_word' id='word_1_113' title='bbox 110 1194 246 1243; x_wconf 89' lang='lat' dir='ltr'><strong>Impiis</strong></span> <span class='ocrx_word' id='word_1_114' title='bbox 263 1194 475 1230; x_wconf 76' lang='lat' dir='ltr'><strong>ridentibus</strong></span> <span class='ocrx_word' id='word_1_115' title='bbox 495 1197 532 1229; x_wconf 91' lang='lat' dir='ltr'><strong>et</strong></span> <span class='ocrx_word' id='word_1_116' title='bbox 555 1192 809 1240; x_wconf 81' lang='lat' dir='ltr'><strong>gaudentibus</strong></span> <span class='ocrx_word' id='word_1_117' title='bbox 826 1193 1048 1241; x_wconf 84' lang='lat' dir='ltr'><strong>repentinus</strong></span> <span class='ocrx_word' id='word_1_118' title='bbox 1062 1195 1305 1243; x_wconf 77' lang='lat' dir='ltr'><strong>superveniet</strong></span> <span class='ocrx_word' id='word_1_119' title='bbox 1323 1196 1429 1233; x_wconf 83' lang='lat' dir='ltr'><strong>inte-</strong></span> 
     </span>
     <span class='ocr_line' id='line_1_18' title="bbox 159 1248 1423 1303; baseline 0.002 -15"><span class='ocrx_word' id='word_1_120' title='bbox 159 1252 272 1294; x_wconf 84' lang='lat' dir='ltr'><strong>ritus,</strong></span> <span class='ocrx_word' id='word_1_121' title='bbox 297 1251 394 1287; x_wconf 88' lang='lat' dir='ltr'><strong>sicut</strong></span> <span class='ocrx_word' id='word_1_122' title='bbox 409 1251 517 1287; x_wconf 85' lang='lat' dir='ltr'><strong>dolor</strong></span> <span class='ocrx_word' id='word_1_123' title='bbox 535 1248 666 1298; x_wconf 69' lang='lat' dir='ltr'><strong>partus</strong></span> <span class='ocrx_word' id='word_1_124' title='bbox 680 1255 938 1299; x_wconf 77' lang='lat' dir='ltr'><strong>praegnantem</strong></span> <span class='ocrx_word' id='word_1_125' title='bbox 955 1257 1119 1300; x_wconf 85' lang='lat' dir='ltr'><strong>occupat</strong></span> <span class='ocrx_word' id='word_1_126' title='bbox 1136 1263 1181 1290; x_wconf 80' lang='lat' dir='ltr'><strong>ex</strong></span> <span class='ocrx_word' id='word_1_127' title='bbox 1198 1252 1423 1303; x_wconf 73' lang='lat' dir='ltr'><strong>improviso.</strong></span> 
     </span>
     <span class='ocr_line' id='line_1_19' title="bbox 160 1309 324 1346; baseline -0.02 0"><span class='ocrx_word' id='word_1_128' title='bbox 160 1309 324 1346; x_wconf 86' lang='lat' dir='ltr'><strong>Ibidem.</strong></span> 
     </span>
    </p>

    <p class='ocr_par' dir='ltr' id='par_1_14' title="bbox 111 1366 463 1415">
     <span class='ocr_line' id='line_1_20' title="bbox 111 1366 463 1415; baseline -0.006 -11"><span class='ocrx_word' id='word_1_129' title='bbox 111 1367 231 1415; x_wconf 83' lang='lat' dir='ltr'><strong>Hujus</strong></span> <span class='ocrx_word' id='word_1_130' title='bbox 249 1366 303 1403; x_wconf 87' lang='lat' dir='ltr'><strong>rei</strong></span> <span class='ocrx_word' id='word_1_131' title='bbox 319 1366 463 1414; x_wconf 83' lang='lat' dir='ltr'><strong>figurae.</strong></span> 
     </span>
    </p>

    <p class='ocr_par' dir='ltr' id='par_1_15' title="bbox 112 1406 1230 1475">
     <span class='ocr_line' id='line_1_21' title="bbox 112 1406 1230 1475; baseline 0 -11"><span class='ocrx_word' id='word_1_132' title='bbox 112 1431 166 1464; x_wconf 86' lang='lat' dir='ltr'><strong>Ne</strong></span> <span class='ocrx_word' id='word_1_133' title='bbox 183 1427 276 1475; x_wconf 89' lang='lat' dir='ltr'><strong>quid</strong></span> <span class='ocrx_word' id='word_1_134' title='bbox 290 1427 363 1463; x_wconf 85' lang='lat' dir='ltr'><strong>tale</strong></span> <span class='ocrx_word' id='word_1_135' title='bbox 382 1426 491 1463; x_wconf 91' lang='lat' dir='ltr'><strong>nobis</strong></span> <span class='ocrx_word' id='word_1_136' title='bbox 505 1425 674 1471; x_wconf 84' lang='lat' dir='ltr'><strong>eveniat,</strong></span> <span class='ocrx_word' id='word_1_137' title='bbox 698 1406 882 1462; x_wconf 86' lang='lat' dir='ltr'><strong>Dominus</strong></span> <span class='ocrx_word' id='word_1_138' title='bbox 901 1426 1060 1473; x_wconf 68' lang='lat' dir='ltr'><strong>vigilare</strong></span> <span class='ocrx_word' id='word_1_139' title='bbox 1078 1431 1230 1472; x_wconf 85' lang='lat' dir='ltr'><strong>monet,</strong></span> 
     </span>
    </p>

    <p class='ocr_par' dir='ltr' id='par_1_16' title="bbox 113 1483 1424 1578">
     <span class='ocr_line' id='line_1_22' title="bbox 113 1483 1424 1533; baseline 0.001 -11"><span class='ocrx_word' id='word_1_140' title='bbox 113 1486 223 1533; x_wconf 81' lang='lat' dir='ltr'><strong>Quasi</strong></span> <span class='ocrx_word' id='word_1_141' title='bbox 240 1489 340 1522; x_wconf 90' lang='lat' dir='ltr'><strong>Deus</strong></span> <span class='ocrx_word' id='word_1_142' title='bbox 354 1484 435 1532; x_wconf 87' lang='lat' dir='ltr'><strong>ipse</strong></span> <span class='ocrx_word' id='word_1_143' title='bbox 449 1488 593 1523; x_wconf 79' lang='lat' dir='ltr'><strong>metuat</strong></span> <span class='ocrx_word' id='word_1_144' title='bbox 609 1494 657 1520; x_wconf 89' lang='lat' dir='ltr'><strong>ne</strong></span> <span class='ocrx_word' id='word_1_145' title='bbox 669 1495 738 1520; x_wconf 92' lang='lat' dir='ltr'><strong>nos</strong></span> <span class='ocrx_word' id='word_1_146' title='bbox 749 1484 950 1531; x_wconf 85' lang='lat' dir='ltr'><strong>imparatos</strong></span> <span class='ocrx_word' id='word_1_147' title='bbox 963 1483 1149 1521; x_wconf 80' lang='lat' dir='ltr'><strong>inveniat.</strong></span> <span class='ocrx_word' id='word_1_148' title='bbox 1161 1488 1219 1522; x_wconf 77' lang='lat' dir='ltr'><strong>lv.</strong></span> <span class='ocrx_word' id='word_1_149' title='bbox 1235 1488 1319 1523; x_wconf 75' lang='lat'><strong>467.</strong></span> <span class='ocrx_word' id='word_1_150' title='bbox 1335 1488 1424 1523; x_wconf 78' lang='lat'><strong>⁴68.</strong></span> 
     </span>
     <span class='ocr_line' id='line_1_23' title="bbox 164 1545 248 1578; baseline -0.024 0"><span class='ocrx_word' id='word_1_151' title='bbox 164 1545 248 1578; x_wconf 77' lang='lat'><strong>479.</strong></span> 
     </span>
    </p>

    <p class='ocr_par' dir='ltr' id='par_1_17' title="bbox 111 1594 1425 1691">
     <span class='ocr_line' id='line_1_24' title="bbox 111 1594 1425 1646; baseline 0.002 -13"><span class='ocrx_word' id='word_1_152' title='bbox 111 1596 280 1633; x_wconf 83' lang='lat' dir='ltr'><strong>Miranda</strong></span> <span class='ocrx_word' id='word_1_153' title='bbox 305 1597 345 1633; x_wconf 87' lang='lat' dir='ltr'><strong>in</strong></span> <span class='ocrx_word' id='word_1_154' title='bbox 371 1596 446 1632; x_wconf 89' lang='lat' dir='ltr'><strong>hoc</strong></span> <span class='ocrx_word' id='word_1_155' title='bbox 474 1594 542 1632; x_wconf 90' lang='lat' dir='ltr'><strong>Dei</strong></span> <span class='ocrx_word' id='word_1_156' title='bbox 568 1594 741 1640; x_wconf 85' lang='lat' dir='ltr'><strong>bonitas,</strong></span> <span class='ocrx_word' id='word_1_157' title='bbox 779 1594 893 1632; x_wconf 85' lang='lat' dir='ltr'><strong>etiam</strong></span> <span class='ocrx_word' id='word_1_158' title='bbox 917 1594 958 1630; x_wconf 90' lang='lat' dir='ltr'><strong>in</strong></span> <span class='ocrx_word' id='word_1_159' title='bbox 988 1594 1196 1643; x_wconf 85' lang='lat' dir='ltr'><strong>improbos.</strong></span> <span class='ocrx_word' id='word_1_160' title='bbox 1231 1595 1306 1635; x_wconf 89' lang='lat' dir='ltr'><strong>IV.</strong></span> <span class='ocrx_word' id='word_1_161' title='bbox 1332 1599 1425 1646; x_wconf 70' lang='lat'><strong>⁴68,</strong></span> 
     </span>
     <span class='ocr_line' id='line_1_25' title="bbox 165 1657 251 1691; baseline -0.012 0"><span class='ocrx_word' id='word_1_162' title='bbox 165 1657 251 1691; x_wconf 75' lang='lat'><strong>479.</strong></span> 
     </span>
    </p>

    <p class='ocr_par' dir='ltr' id='par_1_18' title="bbox 112 1711 1431 1864">
     <span class='ocr_line' id='line_1_26' title="bbox 112 1711 1427 1760; baseline 0 -12"><span class='ocrx_word' id='word_1_163' title='bbox 112 1711 220 1749; x_wconf 85' lang='lat' dir='ltr'><strong>Idem</strong></span> <span class='ocrx_word' id='word_1_164' title='bbox 239 1712 286 1748; x_wconf 91' lang='lat' dir='ltr'><strong>de</strong></span> <span class='ocrx_word' id='word_1_165' title='bbox 303 1712 469 1748; x_wconf 81' lang='lat' dir='ltr'><strong>adventu</strong></span> <span class='ocrx_word' id='word_1_166' title='bbox 490 1711 629 1748; x_wconf 84' lang='lat' dir='ltr'><strong>Christi</strong></span> <span class='ocrx_word' id='word_1_167' title='bbox 647 1712 695 1747; x_wconf 84' lang='lat' dir='ltr'><strong>ad</strong></span> <span class='ocrx_word' id='word_1_168' title='bbox 713 1715 881 1747; x_wconf 81' lang='lat' dir='ltr'><strong>nostrum</strong></span> <span class='ocrx_word' id='word_1_169' title='bbox 898 1712 1084 1758; x_wconf 82' lang='lat' dir='ltr'><strong>judicium</strong></span> <span class='ocrx_word' id='word_1_170' title='bbox 1109 1711 1337 1760; x_wconf 74' lang='lat' dir='ltr'><strong>particulare</strong></span> <span class='ocrx_word' id='word_1_171' title='bbox 1364 1711 1427 1748; x_wconf 79' lang='lat' dir='ltr'><strong>di-</strong></span> 
     </span>
     <span class='ocr_line' id='line_1_27' title="bbox 164 1769 1431 1817; baseline 0.002 -11"><span class='ocrx_word' id='word_1_172' title='bbox 164 1770 346 1814; x_wconf 86' lang='lat' dir='ltr'><strong>cendum,</strong></span> <span class='ocrx_word' id='word_1_173' title='bbox 377 1781 419 1805; x_wconf 88' lang='lat' dir='ltr'><strong>ae</strong></span> <span class='ocrx_word' id='word_1_174' title='bbox 438 1770 485 1804; x_wconf 82' lang='lat' dir='ltr'><strong>de</strong></span> <span class='ocrx_word' id='word_1_175' title='bbox 505 1770 671 1806; x_wconf 83' lang='lat' dir='ltr'><strong>adventu</strong></span> <span class='ocrx_word' id='word_1_176' title='bbox 691 1770 737 1804; x_wconf 89' lang='lat' dir='ltr'><strong>ad</strong></span> <span class='ocrx_word' id='word_1_177' title='bbox 753 1769 940 1816; x_wconf 86' lang='lat' dir='ltr'><strong>judicium</strong></span> <span class='ocrx_word' id='word_1_178' title='bbox 961 1770 1137 1817; x_wconf 83' lang='lat' dir='ltr'><strong>generale</strong></span> <span class='ocrx_word' id='word_1_179' title='bbox 1156 1785 1164 1806; x_wconf 91' lang='lat'><strong>:</strong></span> <span class='ocrx_word' id='word_1_180' title='bbox 1183 1770 1310 1807; x_wconf 86' lang='lat' dir='ltr'><strong>veniet</strong></span> <span class='ocrx_word' id='word_1_181' title='bbox 1327 1769 1431 1808; x_wconf 73' lang='lat' dir='ltr'><strong>sicut</strong></span> 
     </span>
     <span class='ocr_line' id='line_1_28' title="bbox 165 1826 673 1864; baseline -0.002 -1"><span class='ocrx_word' id='word_1_182' title='bbox 165 1827 240 1863; x_wconf 81' lang='lat' dir='ltr'><strong>sur.</strong></span> <span class='ocrx_word' id='word_1_183' title='bbox 261 1826 335 1863; x_wconf 87' lang='lat' dir='ltr'><strong>IV.</strong></span> <span class='ocrx_word' id='word_1_184' title='bbox 358 1831 441 1864; x_wconf 77' lang='grc'><strong>469.</strong></span> <span class='ocrx_word' id='word_1_185' title='bbox 463 1830 506 1863; x_wconf 91' lang='lat' dir='ltr'><strong>V.</strong></span> <span class='ocrx_word' id='word_1_186' title='bbox 532 1832 590 1862; x_wconf 86' lang='grc'><strong>11.</strong></span> <span class='ocrx_word' id='word_1_187' title='bbox 616 1830 673 1862; x_wconf 83' lang='grc'><strong>12.</strong></span> 
     </span>
    </p>

    <p class='ocr_par' dir='ltr' id='par_1_19' title="bbox 115 1882 1124 1930">
     <span class='ocr_line' id='line_1_29' title="bbox 115 1882 1124 1930; baseline -0.002 -9"><span class='ocrx_word' id='word_1_188' title='bbox 115 1884 235 1930; x_wconf 83' lang='lat' dir='ltr'><strong>Hujus</strong></span> <span class='ocrx_word' id='word_1_189' title='bbox 248 1883 510 1919; x_wconf 81' lang='lat' dir='ltr'><strong>consolatoriae</strong></span> <span class='ocrx_word' id='word_1_190' title='bbox 531 1882 699 1919; x_wconf 85' lang='lat' dir='ltr'><strong>veritatis</strong></span> <span class='ocrx_word' id='word_1_191' title='bbox 719 1882 883 1919; x_wconf 80' lang='lat' dir='ltr'><strong>rationes</strong></span> <span class='ocrx_word' id='word_1_192' title='bbox 900 1883 1001 1919; x_wconf 87' lang='lat' dir='ltr'><strong>vide.</strong></span> <span class='ocrx_word' id='word_1_193' title='bbox 1022 1882 1124 1920; x_wconf 90' lang='lat' dir='ltr'><strong>Ibid.</strong></span> 
     </span>
    </p>

    <p class='ocr_par' dir='ltr' id='par_1_20' title="bbox 115 1940 1374 1988">
     <span class='ocr_line' id='line_1_30' title="bbox 115 1940 1374 1988; baseline -0.002 -9"><span class='ocrx_word' id='word_1_194' title='bbox 115 1943 209 1979; x_wconf 84' lang='lat' dir='ltr'><strong>Vide</strong></span> <span class='ocrx_word' id='word_1_195' title='bbox 228 1945 265 1978; x_wconf 88' lang='lat' dir='ltr'><strong>et</strong></span> <span class='ocrx_word' id='word_1_196' title='bbox 278 1942 540 1988; x_wconf 85' lang='lat' dir='ltr'><strong>responsiones</strong></span> <span class='ocrx_word' id='word_1_197' title='bbox 553 1940 831 1987; x_wconf 86' lang='lat' dir='ltr'><strong>objectionibus</strong></span> <span class='ocrx_word' id='word_1_198' title='bbox 847 1941 1018 1977; x_wconf 87' lang='lat' dir='ltr'><strong>timorem</strong></span> <span class='ocrx_word' id='word_1_199' title='bbox 1031 1940 1290 1978; x_wconf 85' lang='lat' dir='ltr'><strong>suadentibus.</strong></span> <span class='ocrx_word' id='word_1_200' title='bbox 1311 1940 1374 1978; x_wconf 88' lang='lat' dir='ltr'><strong>Ib.</strong></span> 
     </span>
    </p>

    <p class='ocr_par' dir='ltr' id='par_1_21' title="bbox 115 1998 1198 2050">
     <span class='ocr_line' id='line_1_31' title="bbox 115 1998 1198 2050; baseline -0.004 -13"><span class='ocrx_word' id='word_1_201' title='bbox 115 1998 252 2037; x_wconf 76' lang='lat' dir='ltr'><strong>Motiva</strong></span> <span class='ocrx_word' id='word_1_202' title='bbox 267 1999 346 2046; x_wconf 87' lang='lat' dir='ltr'><strong>spei</strong></span> <span class='ocrx_word' id='word_1_203' title='bbox 366 1998 402 2034; x_wconf 90' lang='lat' dir='ltr'><strong>in</strong></span> <span class='ocrx_word' id='word_1_204' title='bbox 424 1998 628 2035; x_wconf 80' lang='lat' dir='ltr'><strong>Christum.</strong></span> <span class='ocrx_word' id='word_1_205' title='bbox 649 2002 694 2034; x_wconf 80' lang='lat' dir='ltr'><strong>V.</strong></span> <span class='ocrx_word' id='word_1_206' title='bbox 719 2002 777 2034; x_wconf 85' lang='grc'><strong>13.</strong></span> <span class='ocrx_word' id='word_1_207' title='bbox 1194 2047 1198 2050; x_wconf 20' lang='lat' dir='ltr'><em>q</em></span> 
     </span>
    </p>

    <p class='ocr_par' dir='ltr' id='par_1_22' title="bbox 115 2054 1228 2104">
     <span class='ocr_line' id='line_1_32' title="bbox 115 2054 1228 2104; baseline 0.002 -12"><span class='ocrx_word' id='word_1_208' title='bbox 115 2057 215 2104; x_wconf 83' lang='lat' dir='ltr'><strong>Quid</strong></span> <span class='ocrx_word' id='word_1_209' title='bbox 231 2057 278 2093; x_wconf 90' lang='lat' dir='ltr'><strong>de</strong></span> <span class='ocrx_word' id='word_1_210' title='bbox 296 2058 458 2093; x_wconf 87' lang='lat' dir='ltr'><strong>adventu</strong></span> <span class='ocrx_word' id='word_1_211' title='bbox 472 2084 482 2101; x_wconf 86' lang='lat'>‚</span> <span class='ocrx_word' id='word_1_212' title='bbox 501 2068 566 2094; x_wconf 89' lang='lat' dir='ltr'><strong>seu</strong></span> <span class='ocrx_word' id='word_1_213' title='bbox 583 2056 727 2104; x_wconf 85' lang='lat' dir='ltr'><strong>judicio</strong></span> <span class='ocrx_word' id='word_1_214' title='bbox 747 2055 888 2093; x_wconf 84' lang='lat' dir='ltr'><strong>Christi</strong></span> <span class='ocrx_word' id='word_1_215' title='bbox 902 2060 1046 2093; x_wconf 88' lang='lat' dir='ltr'><strong>certum</strong></span> <span class='ocrx_word' id='word_1_216' title='bbox 1062 2054 1079 2092; x_wconf 82' lang='lat' dir='ltr'><strong>i’</strong></span> <span class='ocrx_word' id='word_1_217' title='bbox 1095 2060 1140 2094; x_wconf 82' lang='lat' dir='ltr'><strong>V.</strong></span> <span class='ocrx_word' id='word_1_218' title='bbox 1169 2060 1228 2094; x_wconf 83' lang='lat'><strong>13.</strong></span> 
     </span>
    </p>

    <p class='ocr_par' dir='ltr' id='par_1_23' title="bbox 116 2113 647 2162">
     <span class='ocr_line' id='line_1_33' title="bbox 116 2113 647 2162; baseline -0.002 -11"><span class='ocrx_word' id='word_1_219' title='bbox 116 2114 215 2162; x_wconf 82' lang='lat' dir='ltr'><strong>Quid</strong></span> <span class='ocrx_word' id='word_1_220' title='bbox 229 2113 469 2150; x_wconf 82' lang='lat' dir='ltr'><strong>faciendum?</strong></span> <span class='ocrx_word' id='word_1_221' title='bbox 486 2114 647 2151; x_wconf 85' lang='lat' dir='ltr'><strong>Ibidem.</strong></span> 
     </span>
    </p>

    <p class='ocr_par' dir='ltr' id='par_1_24' title="bbox 115 2169 1155 2219">
     <span class='ocr_line' id='line_1_34' title="bbox 115 2169 1155 2219; baseline -0.003 -9"><span class='ocrx_word' id='word_1_222' title='bbox 115 2176 199 2210; x_wconf 85' lang='lat' dir='ltr'><strong>Duo</strong></span> <span class='ocrx_word' id='word_1_223' title='bbox 215 2171 319 2219; x_wconf 85' lang='lat' dir='ltr'><strong>signa</strong></span> <span class='ocrx_word' id='word_1_224' title='bbox 334 2171 583 2219; x_wconf 69' lang='lat' dir='ltr'><strong>praecedentia</strong></span> <span class='ocrx_word' id='word_1_225' title='bbox 598 2172 802 2208; x_wconf 87' lang='lat' dir='ltr'><strong>adventum</strong></span> <span class='ocrx_word' id='word_1_226' title='bbox 820 2170 975 2207; x_wconf 88' lang='lat' dir='ltr'><strong>Christi.</strong></span> <span class='ocrx_word' id='word_1_227' title='bbox 992 2169 1155 2207; x_wconf 87' lang='lat' dir='ltr'><strong>Ibidem.</strong></span> 
     </span>
    </p>

    <p class='ocr_par' dir='ltr' id='par_1_25' title="bbox 116 2228 618 2278">
     <span class='ocr_line' id='line_1_35' title="bbox 116 2228 618 2278; baseline 0 -13"><span class='ocrx_word' id='word_1_228' title='bbox 116 2229 310 2278; x_wconf 77' lang='lat' dir='ltr'><strong>Apostasia</strong></span> <span class='ocrx_word' id='word_1_229' title='bbox 322 2260 330 2274; x_wconf 86' lang='lat'><em>,</em></span> <span class='ocrx_word' id='word_1_230' title='bbox 355 2228 618 2265; x_wconf 74' lang='lat' dir='ltr'><strong>Antichristus.</strong></span> 
     </span>
    </p>

    <p class='ocr_par' dir='ltr' id='par_1_26' title="bbox 116 2283 1424 2333">
     <span class='ocr_line' id='line_1_36' title="bbox 116 2283 1424 2333; baseline -0.004 -9"><span class='ocrx_word' id='word_1_231' title='bbox 116 2287 313 2325; x_wconf 88' lang='lat' dir='ltr'><strong>Secundus</strong></span> <span class='ocrx_word' id='word_1_232' title='bbox 329 2285 478 2321; x_wconf 88' lang='lat' dir='ltr'><strong>Domini</strong></span> <span class='ocrx_word' id='word_1_233' title='bbox 496 2286 679 2321; x_wconf 79' lang='lat' dir='ltr'><strong>adventus</strong></span> <span class='ocrx_word' id='word_1_234' title='bbox 693 2285 765 2321; x_wconf 86' lang='lat' dir='ltr'><strong>erit</strong></span> <span class='ocrx_word' id='word_1_235' title='bbox 778 2284 816 2322; x_wconf 89' lang='lat' dir='ltr'><strong>in</strong></span> <span class='ocrx_word' id='word_1_236' title='bbox 835 2296 951 2333; x_wconf 86' lang='lat' dir='ltr'><strong>regno</strong></span> <span class='ocrx_word' id='word_1_237' title='bbox 969 2289 1006 2322; x_wconf 85' lang='lat' dir='ltr'><strong>et</strong></span> <span class='ocrx_word' id='word_1_238' title='bbox 1023 2283 1157 2332; x_wconf 69' lang='lat' dir='ltr'><strong>gioria.</strong></span> <span class='ocrx_word' id='word_1_239' title='bbox 1171 2285 1215 2320; x_wconf 81' lang='lat' dir='ltr'><strong>V.</strong></span> <span class='ocrx_word' id='word_1_240' title='bbox 1233 2283 1319 2320; x_wconf 73' lang='lat'><strong>³01.</strong></span> <span class='ocrx_word' id='word_1_241' title='bbox 1334 2286 1424 2319; x_wconf 81' lang='lat'><strong>302.</strong></span> 
     </span>
    </p>

    <p class='ocr_par' dir='ltr' id='par_1_27' title="bbox 116 2345 887 2384">
     <span class='ocr_line' id='line_1_37' title="bbox 116 2345 887 2384; baseline -0.004 0"><span class='ocrx_word' id='word_1_242' title='bbox 116 2346 240 2384; x_wconf 83' lang='lat' dir='ltr'><strong>Praxis</strong></span> <span class='ocrx_word' id='word_1_243' title='bbox 254 2346 352 2383; x_wconf 84' lang='lat' dir='ltr'><strong>circa</strong></span> <span class='ocrx_word' id='word_1_244' title='bbox 368 2346 471 2381; x_wconf 89' lang='lat' dir='ltr'><strong>hunc</strong></span> <span class='ocrx_word' id='word_1_245' title='bbox 487 2347 704 2382; x_wconf 84' lang='lat' dir='ltr'><strong>adventum.</strong></span> <span class='ocrx_word' id='word_1_246' title='bbox 728 2345 887 2382; x_wconf 88' lang='lat' dir='ltr'><strong>Ibidem.</strong></span> 
     </span>
    </p>

    <p class='ocr_par' dir='ltr' id='par_1_28' title="bbox 115 2399 1243 2452">
     <span class='ocr_line' id='line_1_38' title="bbox 115 2399 1243 2452; baseline -0.003 -12"><span class='ocrx_word' id='word_1_247' title='bbox 115 2403 185 2441; x_wconf 87' lang='lat' dir='ltr'><strong>Dei</strong></span> <span class='ocrx_word' id='word_1_248' title='bbox 203 2401 420 2452; x_wconf 75' lang='lat' dir='ltr'><strong>proximitas</strong></span> <span class='ocrx_word' id='word_1_249' title='bbox 437 2400 610 2438; x_wconf 80' lang='lat' dir='ltr'><strong>stimulus</strong></span> <span class='ocrx_word' id='word_1_250' title='bbox 624 2401 741 2440; x_wconf 90' lang='lat' dir='ltr'><strong>estad</strong></span> <span class='ocrx_word' id='word_1_251' title='bbox 755 2412 866 2439; x_wconf 89' lang='lat' dir='ltr'><strong>omne</strong></span> <span class='ocrx_word' id='word_1_252' title='bbox 879 2401 1036 2438; x_wconf 89' lang='lat' dir='ltr'><strong>bonum.</strong></span> <span class='ocrx_word' id='word_1_253' title='bbox 1057 2399 1132 2441; x_wconf 84' lang='lat' dir='ltr'><strong>lv.</strong></span> <span class='ocrx_word' id='word_1_254' title='bbox 1158 2403 1243 2438; x_wconf 82' lang='lat'><strong>287.</strong></span> 
     </span>
    </p>
   </div>
  </div>
 </body>
</html>
