1430 2658
13 21 16 27 ·
115 30 128 46 ⁴'
156 0 177 37 ¹³
199 22 214 30 μ
348 54 534 115 natm
561 26 806 96 uxrosmo.
836 48 934 108 Cap.
958 45 1016 94 Χ.
1271 45 1357 104 239

0 109 302 182 ΜΦ
321 118 498 172 affl
509 126 684 186 perficit,
707 127 865 180 gratiam
887 131 927 168 et
954 124 1143 179 justitiam
1157 120 1358 176 nohisper

7 184 328 242 technistiam
349 190 513 236 confert.

60 256 159 303 ’ὕ
180 257 284 300 altari
315 258 501 312 igithfet-
510 257 553 299 in
572 264 686 297 cruce
707 267 790 296 non
810 253 920 295 aliter
946 249 1120 294 Christus
1150 253 1173 292 a
1201 245 1358 292 Christo

49 324 286 384 separandus
306 327 420 380 quam
438 321 496 366 soi
513 325 536 364 a
550 321 677 383 radiis.

74 387 174 432 So!
197 391 328 431 omnia
343 387 520 444 operatur
549 377 592 429 in
619 387 750 438 terris,
766 391 802 427 at
821 399 892 440 per
917 383 1067 433 radios;
1091 379 1351 434 Eucharistia,

51 457 160 513 quasi
183 455 311 496 radius
331 455 468 496 crucis.

610 550 800 598 qumb.

109 649 162 696 In
180 650 270 710 lege
301 661 461 710 quatuor
475 659 587 696 erant
622 652 894 694 sacrificiorum
918 663 1059 705 genera
1077 679 1091 702 ,
1133 650 1173 690 in
1195 642 1246 692 Ῡ.
1265 645 1291 689 5
1322 654 1362 688 et

52 717 82 761 6
103 725 235 762 notata
266 735 277 760 ι
302 713 483 767 oblatio,
522 717 814 768 holocaustum,
854 730 923 771 pro
954 720 1142 769 peccato,
1179 711 1362 767 pacifico-

51 795 152 826 mm·
1111 770 1123 776 N
1309 817 1312 821 Ι
1355 776 1390 799 0>

113 843 189 891 vet
208 847 337 897 enim,
362 853 404 889 ut
420 849 472 889 ait
490 847 601 888 divus
622 844 800 888 Thomas
815 876 827 896 ‚
857 844 1082 886 sacrificium
1099 850 1180 886 erat
1206 843 1256 885 de
1272 843 1363 884 ina—

38 910 226 966 nimatis,
247 922 347 963 pane
361 939 374 960 ‚
397 908 535 960 thure,
556 915 647 961 etc„
669 916 706 951 et
723 909 918 950 dicebatur
936 908 1097 956 oblati03
1123 906 1186 949 vel
1207 906 1254 948 de
1273 908 1364 947 ani·-

51 975 190 1025 matis,
220 973 337 1029 idque
356 974 421 1015 vel
447 974 496 1015 ad
514 973 739 1029 placandum
762 971 919 1023 Deum,
942 980 979 1015 et
1001 973 1136 1016 dieitur
1155 973 1362 1014 holocaus-

54 1042 161 1088 tum,
179 1035 286 1092 quod
302 1043 388 1079 erat
401 1036 665 1091 dignissimum
677 1067 688 1087 ‚
709 1039 798 1091 quia
825 1043 947 1078 totum
966 1038 1206 1078 cremebatur
1224 1037 1264 1076 in
1280 1034 1363 1075 ho-

53 1115 190 1144 norem
209 1099 314 1153 Dei33
338 1101 400 1143 vel
421 1117 488 1157 pro
508 1104 727 1158 expiatione
748 1104 906 1157 peccati,
921 1108 962 1144 et
982 1103 1119 1144 dicitur
1137 1100 1363 1143 sacrificium

53 1181 126 1220 pro
150 1174 309 1220 peccato
334 1183 345 1208 ι
372 1166 485 1220 hujus
503 1175 629 1210 autem
647 1168 817 1210 sacrificii
841 1182 913 1209 una
935 1182 1019 1222 pars
1034 1167 1362 1218 comburebatur,

52 1231 168 1274 attera
189 1233 350 1276 cedebat
371 1236 412 1275 in
437 1249 548 1276 usum
563 1236 824 1276 ministrorum
845 1250 855 1282 ;
882 1234 945 1276 vel
974 1241 1054 1276 erat
1075 1248 1144 1288 pro
1164 1231 1363 1275 beneficiis

53 1295 153 1351 Dei,
170 1306 210 1342 et
225 1301 315 1342 inud
332 1308 410 1343 erat
425 1303 552 1343 minus
570 1301 741 1355 dignum,
760 1303 847 1355 quia
867 1305 974 1344 tertia
989 1305 1132 1343 tantum
1152 1314 1238 1356 pars
1255 1314 1363 1342 com-

52 1364 260 1407 burebatur
275 1397 285 1412 ‚
302 1373 341 1408 et
357 1368 538 1408 ministris
560 1367 715 1408 dabatur
729 1380 824 1418 una,
849 1367 917 1409 alia
941 1367 1192 1410 offerentibus
1212 1397 1225 1416 ,
1245 1373 1283 1408 et
1300 1367 1362 1407 is-

54 1428 124 1470 tud
139 1429 277 1472 dicitur
291 1431 517 1474 sacrificium
537 1431 793 1485 pacificorum.

113 1492 269 1551 Figurae
297 1505 404 1539 erant
434 1504 593 1552 quatuor
622 1498 861 1540 diversorum
890 1497 1083 1552 religionis
1114 1497 1362 1539 officiorum:

52 1563 284 1606 adorationis
301 1595 314 1617 ‚
334 1567 533 1618 gratiarum
556 1567 736 1614 actionis,
760 1568 1013 1619 expiationis,
1033 1567 1227 1619 petitionis
1242 1596 1253 1615 ,
1272 1578 1362 1619 quae

55 1630 184 1670 omnia
199 1643 300 1670 nunc
320 1644 543 1671 exercemus
560 1645 625 1684 per
649 1644 766 1670 unum
787 1628 929 1671 Christi
951 1630 1193 1672 sacrificium.

112 1691 222 1736 Hinc
242 1709 441 1749 perperam
474 1695 642 1738 haeretici
668 1711 717 1738 ex
742 1695 931 1750 frequenti
950 1697 1188 1740 eucharistici
1211 1696 1362 1740 sacrifi-

54 1759 102 1800 cii
118 1760 372 1812 repetitione,
395 1759 488 1801 illius
509 1759 674 1802 inserunt
699 1759 962 1803 inefficaciam.

110 1819 427 1866 Efficacissimum
448 1833 505 1868 cst
533 1828 637 1868 enim
661 1826 885 1879 sacrificium
908 1826 1026 1877 illud,
1056 1842 1126 1882 per
1146 1827 1249 1883 quod
1268 1841 1362 1868 om-

52 1903 146 1932 nem
162 1890 353 1945 religionis
370 1900 495 1934 actum
513 1908 763 1944 exercemus,
784 1895 1039 1950 omnibusque
1058 1897 1203 1936 nostris
1222 1894 1361 1937 debitis

53 1965 142 2005 erga
170 1949 302 1994 Deum
325 1953 584 1997 satisfacimus.

110 2015 345 2059 Sacrificium
375 2022 515 2074 quippe
541 2020 696 2071 Missae,
730 2037 809 2063 non
833 2025 975 2064 tantum
1004 2030 1063 2064 est
1082 2025 1360 2078 expiatorium‚

53 2094 120 2122 seu
142 2095 212 2135 pro
233 2091 414 2136 peccato,
437 2086 506 2127 sed
525 2094 559 2127 et
580 2087 840 2128 holocaustum
858 2095 917 2131 est
934 2088 1182 2130 inhonorem
1203 2087 1304 2139 Dei,
1324 2095 1362 2130 et

54 2143 369 2200 eucharisticum,
396 2155 433 2190 et
449 2151 672 2192 sacrificium
690 2152 934 2205 pacificorum
951 2181 963 2203 ,
982 2168 1049 2195 seu
1070 2167 1139 2210 pro
1163 2153 1362 2194 beneficiis

56 2206 151 2250 Dei.

111 2270 211 2314 Illud
241 2275 351 2327 igitur
368 2274 561 2318 offerimus
578 2278 728 2330 jugiter,
750 2284 791 2318 ut
818 2285 971 2332 peccata
989 2278 1144 2333 quidem
1164 2284 1363 2337 expiemus

55 2348 142 2389 quae
158 2335 209 2378 de
223 2352 327 2379 novo
342 2340 476 2392 jugiter
493 2343 788 2383 committimus:

108 2395 163 2441 At
180 2409 312 2457 praeter
316 2417 356 2444 ea
380 2405 514 2457 jugiter
547 2404 633 2446 istud
661 2405 767 2447 offeri
759 2420 872 2457 ·‚mus
893 2413 932 2447 ut
951 2404 1040 2449 Deo
1062 2410 1196 2461 gratias
1211 2423 1277 2463 pro
1294 2410 1363 2449 be-
