1430 2658
2 59 5 62 “
69 71 151 100 212
447 67 662 99 ems-rom:
691 68 763 109 An*
780 67 997 105 nssnnAEos

122 130 192 174 228.
212 123 392 172 Irritam
409 125 507 183 quis
525 124 690 174 faciens
705 125 847 187 legem
865 125 1044 186 Moysi,
1065 125 1163 175 sine
1179 125 1270 183 ulla
1282 125 1378 174 vmi·-

67 200 282 248 seratione
299 237 311 259 ‚
335 199 508 248 duobus
532 200 602 248 vel
638 200 776 249 tribus
809 201 990 253 testibus
1015 199 1200 249 moritur
1221 221 1233 248 ε

210 302 230 313 .-

129 395 195 438 29.
217 376 404 438 Quanto
426 377 566 438 magis
587 378 748 437 putatis
771 378 990 426 deteriora
1007 379 1169 427 mereri
1197 380 1375 441 suppli-

68 448 153 506 cia,
173 450 249 509 qui
267 450 437 498 Filium
456 451 545 499 Dei
561 452 898 510 conculcaverit,
920 463 962 500 ct
979 454 1239 515 sanguinem
1251 453 1374 503 Tes⁴

67 523 256 570 tamenti
279 523 497 582 pollutum
525 525 720 581 duxerit,
740 525 787 571 in
807 544 896 584 quo
916 517 1374 587 sanctificatus‘essset

69 596 251 658 Spiritui
270 597 417 659 gratiae
434 599 748 646 contumeliam
764 599 916 646 fecerit
933 605 951 647 ἓ

120 825 190 869 30.
209 819 379 870 Scimus
400 822 521 869 enim
537 822 610 886 qui
627 823 736 870 dixit
751 822 887 870 :Mihi
902 823 1111 878 vindicta,
1136 833 1179 869 et
1202 840 1283 884 ego
1301 840 1375 869 re-

68 895 275 944 tribuam.
296 897 353 943 Et
377 897 537 944 iterum
562 918 570 942 :
595 897 715 959 Quia
733 897 947 956 judicabit
972 898 1201 946 Dominus
1227 915 1377 957 popu.-

67 967 163 1015 lum
184 987 333 1019 suum.

121 1095 192 1138 31.
225 1090 516 1138 Horrendum
552 1100 618 1138 est
647 1091 842 1138 incidere
865 1091 912 1138 in
938 1108 1096 1141 manus
1117 1091 1207 1140 Dei
1226 1091 1378 1141 viveru

66 1173 137 1211 tis.

131 1290 199 1333 32.
227 1285 609 1333 Rememoramini
628 1295 774 1333 autem
793 1284 1003 1345 pristinos
1023 1285 1133 1344 dies,
1152 1285 1197 1332 in
1216 1285 1377 1345 quibus

75 1360 329 1420 illuminati,
346 1378 559 1422 magnum
572 1371 794 1408 certamen
813 1359 1080 1409 sustinuistis
1095 1359 1377 1419 passionum:

126 1568 196 1611 33.
215 1562 273 1609 Et
287 1563 332 1609 in
346 1564 483 1610 altero
498 1562 676 1621 quidem
694 1560 948 1620 opprobriis
962 1570 1006 1608 et
1019 1559 1378 1609 tribulationibus

70 1637 371 1696 spectaculum
401 1637 597 1684 facti-:in
626 1636 764 1684 altero
785 1645 951 1693 autem,
973 1633 1239 1682 sociitaliter
1268 1653 1380 1683 con-

71 1708 343 1758 versantium
373 1709 538 1756 effecti.

128 1797 198 1849 34.
215 1792 335 1840 Nam
355 1801 398 1838 et
416 1791 573 1838 vinctis
590 1790 811 1849 compassi
828 1791 949 1849 estis,
967 1801 1010 1838 et
1022 1789 1226 1849 rapinam
1240 1791 1380 1854 bon03

74 1885 175 1913 rum
193 1863 439 1913 vestrorffm
452 1883 559 1911 cum
582 1864 744 1925 gaudio
763 1863 1042 1923 suscepistis,
1064 1875 1380 1925 cognoscentes

74 1955 151 1986 vos
171 1937 333 1986 habere
354 1938 586 1986 meliorem
609 1948 652 1985 et
681 1947 934 1985 manentem
951 1937 1255 1986 substantiam

130 2065 200 2108 35.
230 2061 380 2109 Nolite
410 2062 558 2121 itaque
603 2061 795 2109 amittere
827 2062 1148 2110 confidentiam
1190 2074 1381 2118 vestram

75 2148 172 2192 quae
189 2151 395 2195 magnam
415 2134 547 2183 habet
569 2135 989 2184 remunerationem.

131 2261 202 2306 36.
220 2260 437 2307 Patientia
466 2261 735 2309 enimvobis
759 2262 1011 2310 necessaria
1039 2273 1128 2318 est;
1149 2272 1196 2310 ut
1223 2263 1381 2312 volun--

79 2337 214 2379 tatem
232 2331 323 2380 Dei
342 2333 567 2395 facientes,
591 2335 819 2396 reportetis
845 2335 1203 2395 promissionem.
