1474 2658
78 56 163 109 284
462 52 684 99 triarnum
710 66 775 99 tm·
797 65 1007 99 mum

453 228 771 275 Commentarius
786 233 827 274 in
847 232 946 289 Cap.
968 247 1038 274 ια.
1101 230 1104 231 ’

79 336 138 392 Ji.
163 354 201 379 1.
221 301 458 386 Iunoque.
474 333 563 392 Syr.
582 337 849 394 quamobrem.

137 399 259 455 Quasi
275 402 414 443 diceret
430 417 441 443 ε
458 399 784 457 Quandoquidem
801 409 924 457 patres
940 401 1061 444 nostri
1073 407 1177 444 tanin
1189 411 1258 458 per
1271 401 1390 445 fidem

77 474 116 510 et
135 469 187 510 ob
208 467 325 510 fidem
344 466 517 509 fecerunt
535 474 574 509 et
597 470 695 522 passi
722 475 808 510 sunt
824 498 835 519 ‚

135 529 236 575 Ideo
249 540 288 573 et
302 548 374 573 nos
394 530 567 583 Hebraei,
587 546 723 573 eorum
742 532 820 584 lilii,
836 531 884 573 ad
901 529 1043 574 Christi
1062 530 1181 574 fidem
1197 532 1392 584 omwersi,

140 599 313 644 Tantam
333 598 519 638 habentes
537 599 780 650 impositam,
802 597 841 638 id
865 604 945 650 est,
966 598 1079 652 capili
1094 601 1229 639 nostro
1244 607 1390 652 super·-

74 665 253 718 positam.
285 659 355 704 Gr.
382 663 690 717 circumpositam
707 691 719 714 ,
744 661 805 704 vel
830 662 1178 715 circumjacentem.
1198 655 1291 714 Syr·
1324 658 1404 714 qni!

74 743 148 771 nos
168 728 337 784 undique
358 731 534 784 sepiunt;

132 796 179 839 ld
204 804 285 848 est,
309 811 393 855 non.
408 800 554 838 tantum
577 797 688 850 capiti
710 802 842 837 nostro
860 794 1153 843 imminentem,
1171 790 1242 834 sed
1259 796 1298 833 et
1316 803 1388 833 nos

74 862 243 916 undique
262 862 574 911 circumdantem,
593 869 633 903 ut
647 861 688 903 fit
709 863 747 902 in
765 860 1001 915 temporibus
1021 858 1231 910 nebulosis,
1251 871 1386 912 quan-

74 924 127 969 do
145 930 268 970 nubes
288 927 406 969 densa
426 934 548 969 totum
569 926 881 982 hemisphaerium
902 931 1075 979 occupat.

131 996 306 1044 Nubem‚
335 996 529 1049 copiosam
561 1001 779 1035 sanctorum
800 992 1084 1034 multitudinem
1113 989 1162 1031 de
1181 989 1321 1044 quibus
1346 991 1389 1032 in

74 1064 196 1118 capite
221 1060 471 1115 praecedenti,
489 1067 601 1102 vocat
619 1061 759 1100 nubem
778 1059 829 1099 ob
849 1057 1078 1099 densitatem
1097 1061 1135 1096 et
1151 1055 1204 1096 ob
1223 1054 1388 1109 refrige-

71 1129 192 1169 rium:
208 1127 358 1169 illorum
374 1127 477 1168 enim
496 1124 716 1178 exemplum
737 1123 899 1165 afflictos
918 1121 1114 1176 refrigerat
1131 1127 1169 1163 et
1185 1119 1326 1162 solatur
1345 1121 1385 1163 in

71 1200 164 1235 aestu
186 1193 458 1241 tribulationis,
479 1193 529 1233 ait
549 1189 601 1232 D.
621 1189 935 1247 Chrysostomus·

130 1259 168 1300 T
163 1260 317 1308 estium,
340 1257 497 1308 scilicet,
519 1256 567 1297 de
590 1254 762 1310 potentia
779 1262 818 1297 et
837 1254 996 1296 utilitate
1014 1251 1122 1294 fidei.

126 1324 368 1378 Deponentes
393 1337 509 1362 omne
530 1321 697 1374 pondus.
725 1316 820 1376 Syr.
848 1320 1056 1372 abiciamus
1074 1319 1096 1358 ὸ
1114 1315 1228 1357 nobis
1258 1327 1383 1356 onera

69 1390 217 1440 omnia,
240 1389 398 1438 scilicet,
415 1402 531 1430 onera
557 1402 685 1429 rerum
700 1394 934 1429 terrenarum
961 1401 971 1426 ε
990 1397 1127 1427 omnes
1147 1381 1305 1424 affectus
1323 1395 1388 1424 sae·

67 1454 166 1506 culi,
194 1458 257 1510 qui
284 1469 355 1496 nos
382 1455 429 1497 ad
453 1457 526 1496 ima
548 1454 784 1508 deprimunt.

127 1516 198 1560 Est
225 1519 433 1561 similitudo
462 1527 612 1574 sumpta
643 1523 663 1561 a
690 1519 841 1567 stadio;
869 1518 932 1572 qui
964 1516 1067 1558 enim
1098 1514 1241 1554 cursuri
1266 1517 1380 1562 sunt,

69 1586 199 1626 omnia
219 1598 304 1640 quae
327 1592 413 1627 sunt
436 1587 543 1627 oneri
564 1585 780 1639 deponunt.

122 1651 174 1690 Et
207 1652 466 1691 circumstans
496 1666 567 1691 nos
599 1657 821 1704 peccatum.
849 1644 937 1703 Syr.
972 1652 1012 1687 et
1046 1649 1244 1699 peceatum
1276 1639 1382 1695 quod

63 1728 216 1767 semper
231 1715 344 1756 nobis
368 1721 422 1757 esi
447 1717 487 1756 in
517 1721 707 1770 promptu.
730 1711 851 1756 Arab.
873 1718 914 1753 et
943 1716 1143 1766 peccatum
1168 1704 1278 1749 facile
1305 1718 1383 1759 pa-

61 1785 181 1821 tratu.

129 1842 176 1886 Id
192 1852 269 1894 est,
291 1859 367 1900 quo
387 1845 491 1899 quasi
512 1845 697 1896 cingimus
713 1874 723 1893 ‚
742 1842 1038 1890 circumdamur,
1054 1845 1092 1880 et
1108 1837 1196 1878 ideo
1217 1837 1382 1877 cursuris

66 1915 129 1951 est
155 1911 406 1952 obstaculum.

134 1971 224 2016 Duo
248 1974 486 2016 currentibus
519 1971 687 2013 cavenda
717 1978 827 2023 sunt,
856 1984 952 2012 onus
974 1968 1116 2010 scilicet
1138 1973 1175 2009 et
1196 1966 1381 2007 obstacu-
1455 1978 1459 1981 ·

55 2040 162 2082 lum.

120 2101 244 2151 Cura,
278 2100 438 2144 affectus
469 2117 596 2144 rerum
627 2109 893 2151 terrenarum,
926 2105 983 2141 est
1007 2111 1131 2148 onus,
1167 2093 1380 2150 etquidem

61 2181 202 2220 grave.

116 2228 324 2273 Peccatum
343 2245 413 2271 nos
433 2234 679 2273 circumstans
703 2232 799 2271 sicut
831 2230 972 2278 vestis,
1007 2226 1071 2269 vel
1088 2225 1257 2280 undique
1290 2225 1380 2266 cin-

49 2309 149 2351 gens
182 2297 298 2337 instar
331 2298 445 2347 retis,
484 2302 541 2338 est
576 2294 814 2337 obstaculum
839 2310 849 2335 :
874 2301 1078 2347 utrumque
1111 2305 1203 2346 ergo
1240 2289 1373 2345 depo-

54 2361 244 2405 nendum.

113 2429 194 2472 Per
203 2431 455 2486 patientiam.
467 2427 555 2485 Syr.
574 2443 659 2472 cum
680 2427 873 2484 patientia.
