1430 2658
61 145 148 180 270
435 133 653 166 amsi-om:
683 132 744 164 An
774 124 998 162 nunninus
1018 131 1025 143 ’

65 244 320 290 corollarium
331 241 508 298 pietatis,
527 255 593 282 seu
607 242 648 280 in
662 239 736 279 hoc
751 236 847 290 Cap.
864 250 883 277 1
894 252 931 288 ι,
943 235 1000 276 ad
1007 234 1194 290 pietatem
1208 237 1389 283 maxim&

347 307 552 358 notanda,
571 313 610 347 et
627 305 683 346 ad
699 303 862 358 praxim
883 301 1104 355 redigenda.

584 420 698 462 Circa
721 417 871 473 fidem.

70 494 124 571 P
130 533 240 572 mmo
253 557 266 582 ,
285 529 496 570 notandum
520 527 632 579 quam
654 524 868 565 necessaria
881 525 954 576 sit,
973 520 1285 579 quandoquidem
1305 524 1390 595 sine

71 595 150 637 fide
166 608 359 650 nunquam
375 591 470 633 salus
488 589 582 630 facta
597 595 669 630 est.

131 660 198 705 Ab
230 664 338 705 initio
362 659 495 702 mundi
524 660 756 713 quicumque
783 654 873 699 Deo
901 655 1146 711 placuerunt,
1180 670 1250 711 per
1263 655 1391 698 fidem

77 719 322 784 placuerunt3
350 741 417 781 per
438 724 555 766 fidem
585 723 727 766 scilicet
751 723 792 764 in
813 719 963 774 Deum,
987 736 1055 763 seu
1077 719 1151 776 qua
1171 718 1247 763 Dei
1277 721 1392 764 dictis

78 795 323 838 crediderunt
354 799 390 834 et
413 788 655 831 confiderunt
677 804 686 829 :
715 789 769 830 ita
786 793 828 829 ut
857 790 944 828 sine
958 786 1050 841 fide
1069 785 1308 841 impossibile
1339 787 1393 827 sit

79 861 235 913 placere
255 858 365 906 Deo,
397 847 443 898 fi.
463 852 503 895 6.

137 922 243 965 Hinc
267 922 387 971 fides,
421 920 570 961 initium
590 924 770 960 creaturae
794 913 895 966 Dei3
928 916 1037 958 radix
1066 915 1217 967 salutis,
1242 930 1292 958 ex
1320 911 1395 971 qua

80 991 246 1032 nascitur
268 988 405 1039 justitia
422 993 459 1026 et
477 982 677 1036 sanclstas,
704 997 777 1038 qua
797 979 884 1022 Deo
915 981 1130 1036 placemus,
1161 987 1201 1022 et
1218 982 1279 1022 cui
1304 995 1398 1036 pro-

76 1057 194 1096 missa
213 1060 270 1094 est
292 1052 391 1094 salus
413 1057 569 1093 aeterna.

139 1117 289 1171 Quanta
307 1120 432 1171 itaque
451 1116 568 1157 debet
589 1129 674 1157 esse
701 1119 829 1156 nostra
847 1111 1061 1154 sollicitudo
1090 1111 1141 1153 de
1159 1111 1257 1154 fide!
1283 1113 1400 1166 quam

79 1183 297 1238 frequenter
323 1188 362 1223 et
390 1183 503 1236 quam
522 1180 700 1223 ardenter
727 1177 916 1220 orandum
938 1193 947 1217 :
966 1173 1163 1229 Domine,
1186 1175 1235 1217 da
1252 1175 1397 1224 fidem,

78 1249 222 1302 adauge
241 1246 377 1288 fidem!
1251 1257 1253 1259 ¹

139 1310 334 1363 Secundo,
366 1309 580 1351 notandum
609 1311 724 1365 quam
742 1308 956 1351 necessaria
977 1307 1027 1349 sit
1044 1302 1282 1358 Christiano,
1300 1318 1405 1360 prae-

80 1379 212 1418 sertim
258 1378 296 1417 in
335 1374 628 1426 afflictionibus,
672 1381 713 1417 ut
755 1378 976 1416 constanter
1023 1372 1184 1425 patiatur
1232 1376 1272 1412 et
1300 1367 1406 1412 'cum

84 1444 234 1483 merito.

142 1505 462 1548 Recmdaretunc
478 1506 640 1560 egregiae
654 1503 768 1555 hujus
781 1503 1062 1559 descnpuoms,
1072 1516 1186 1558 quam
1202 1500 1255 1544 D.
1265 1465 1408 1543 Paulus

89 1568 267 1613 Hebraeis
283 1570 431 1612 afflictis
447 1570 633 1623 exhibet,
658 1575 698 1611 ut
720 1583 789 1610 eos
806 1568 964 1622 soletur,
982 1568 1141 1610 roboret
1159 1566 1256 1610 etad
1274 1581 1410 1624 perse-

95 1638 306 1678 verantiam
326 1638 485 1678 animet.

152 1702 270 1742 Fides
279 1701 626 1755 estspcrandarum
641 1701 885 1751 substantia,
905 1699 1147 1755 hypostasi8‚
1167 1698 1412 1740 subsistentia

96 1771 136 1806 et
155 1766 354 1806 existentia
368 1780 495 1805 rerum
513 1779 527 1805 .·
543 1764 608 1805 dat
625 1765 828 1818 quamdam
843 1765 1092 1806 substantiam
1107 1770 1149 1805 et
1167 1764 1413 1805 existentiam

90 1830 204 1870 rebus
225 1831 378 1882 speratis
392 1860 403 1880 ,
427 1828 517 1870 facit
540 1843 602 1870 eas
619 1835 719 1870 stare
741 1835 780 1870 et
798 1829 1022 1870 subsistere.

152 1890 274 1934 Utere
293 1909 380 1948 ergo
395 1894 473 1935 fide
492 1893 579 1942 tu÷⁴1;
602 1892 660 1935 sac
676 1900 716 1935 ut
738 1895 778 1934 in
800 1899 930 1934 mente
950 1891 1014 1933 tus
1033 1892 1169 1933 existat
1185 1895 1221 1932 et
1236 1888 1416 1932 subsistat

94 1970 163 2011 per
175 1956 289 1998 fidem
302 1965 443 2000 aeterna
460 1957 680 2012 beatitudo,
700 1972 861 2012 regnum
877 1956 1057 1998 coelorum
1074 1955 1305 2010 patientibus
1318 1967 1416 2008 pro-

97 2027 279 2073 missum
315 2032 353 2067 et
386 2029 537 2079 patieris
574 2041 660 2069 cum
690 2025 829 2082 gaudio
847 2041 858 2065 z
885 2025 1230 2072 Communicantcs
1269 2017 1420 2064 Christi

99 2090 351 2143 passionibus
371 2092 574 2144 gaudete...

155 2154 274 2198 Fides
294 2163 350 2197 est
364 2166 657 2211 argumentum,
677 2157 859 2200 elenchus
873 2188 885 2211 ,
905 2156 1181 2199 demonstratio
1195 2185 1209 2207 ,
1225 2152 1418 2195 convictio

101 2236 180 2263 non
198 2224 473 2274 apparentium
494 2239 507 2263 .·
531 2231 588 2267 est
611 2226 716 2279 quasi
734 2223 905 2278 dioptra,
929 2219 1003 2276 qua
1019 2235 1081 2262 res
1093 2216 1366 2262 remotissimae
1382 2222 1422 2258 et

99 2289 179 2332 aliis
199 2303 281 2330 non
301 2291 519 2343 conspieuae
534 2323 546 2343 ‚
570 2293 675 2346 quasi
695 2294 886 2346 proximae
904 2290 1098 2331 videntur.

157 2351 247 2396 Hac
267 2367 359 2408 ergo
379 2357 525 2408 patiens
543 2363 649 2399 utere
669 2356 821 2413 dioptrzi
841 2354 994 2406 divin33
1022 2353 1134 2397 oculo
1151 2352 1242 2396 fidei
1272 2358 1424 2394 aeternae

104 2420 196 2461 vitae
208 2420 311 2462 bona
323 2422 517 2474 conspice,
534 2420 670 2475 dicque
683 2424 751 2463 tibi
766 2437 854 2464 cum
869 2418 1065 2476 Apostolo
1079 2433 1089 2459 ε
1101 2417 1424 2458 Momentaneum

106 2493 145 2527 et
157 2487 232 2528 Ieoe
240 2486 544 2529 tribulatt'oms...
555 2494 741 2530 aeternum
753 2489 889 2542 gloria:
898 2486 1051 2542 pondus
1068 2489 1252 2539 operatur
1259 2484 1300 2525 in
1314 2481 1428 2535 (me);
