1474 2658
831 39 849 46 .-

125 68 208 112 312
488 78 723 112 -nrrsrone
753 79 812 111 An
840 78 1054 115 uenimus

129 146 221 186 vero
240 142 321 185 talis
337 148 399 185 aut
417 141 499 184 talis
512 143 588 187 cibi
599 141 778 186 discretio
788 173 799 195 ‚
818 149 881 185 aut
897 157 1012 184 usus:
1031 141 1117 184 haec
1126 142 1236 188 enim
1247 147 1287 186 et
1297 143 1439 194 similia

126 209 221 252 nihil
240 206 367 252 co‘ram
391 208 480 252 Deo
498 207 718 265 prosuerunt
734 211 1047 253 observatoribus
1062 211 1154 251 suis.

191 275 292 329 Quoe
308 290 386 315 non
399 271 759 328 profuerunt...·Gr.
783 276 824 316 in
843 275 980 329 quibus
1003 287 1084 316 non
1105 279 1196 316 sunt
1214 273 1331 326 adjuti
1348 288 1438 317 am-

127 340 317 382 bulantes.
339 338 431 399 Syr.
447 339 714 382 nullam'enim
732 339 927 382 utilitatem
944 344 1202 395 perceperunt
1220 339 1285 393 qui
1297 341 1438 382 versati

129 412 218 448 sunt
235 408 276 448 in
299 405 383 448 iuis.
1196 440 1199 441 γ

188 467 247 523 Jff.
269 484 336 514 10.
352 466 564 512 Habemus
582 472 750 512 altar-...e
773 469 911 511 solatur
933 467 1126 512 Hebraeos
1141 483 1195 512 ex
1214 463 1438 524 privatione

127 538 287 578 istorum
303 535 475 578 ciborum
496 535 694 590 legalium3
717 537 823 589 quasi
839 534 1009 576 diceret:
1333 548 1345 556 ⁷

186 598 249 643 De
264 608 419 650 caetero,
436 615 514 642 non
528 616 597 642 vos
609 603 793 655 poeniteat
809 598 894 640 haec
912 600 1128 655 reliquisse,
1151 613 1226 642 nec
1238 576 1438 654 propterea

131 665 313 716 doleatis,
347 672 409 706 aut
427 665 658 707 tabernaculi
678 666 860 706 ministris
884 665 1114 708 invideatis:
1142 665 1175 706 si
1201 665 1306 706 enim
1323 663 1438 705 nobis

128 744 208 772 non
230 729 317 771 licet
335 729 382 770 de
400 729 549 771 illorum
564 730 754 772 sacrificiis
771 729 977 789 comedere
990 761 1000 781 ‚
1119 765 1137 784 ,

190 796 394 837 Habemus
415 803 452 838 et
476 811 547 838 nos
566 797 714 846 altare,
745 791 1035 848 θυσίαστῖτριον,
1056 789 1379 838 sacrificatoriu‘m.

190 862 248 901 De
267 875 340 915 quo
360 862 499 901 edendi
516 877 593 902 non
617 862 784 912 habent,
811 855 1014 913 ἐξουσίαν,
1049 862 1128 913 jus,
1151 860 1382 903 libertatem.

193 924 274 978 Qut
291 927 581 967 tabernaculo
600 926 713 979 legis
708 928 858 966 Veteris
888 925 1128 977 sacerdotes,
1166 925 1286 979 etqui
1307 922 1439 977 legalia

131 989 362 1031 custodiunt.

190 1051 224 1094 E
259 1069 302 1109 s)
306 1067 450 1107 nagoga
468 1055 574 1094 enim
590 1052 812 1095 excundum
832 1058 889 1093 est
916 1059 958 1094 ut
985 1053 1068 1107 quis
1098 1050 1147 1093 de
1165 1050 1271 1093 altari
1297 1047 1439 1093 Christi

132 1118 269 1160 edere
259 1133 316 1172 jus
332 1117 485 1160 habeat.

326 1225 594 1255 OBSERVA'HO
619 1225 873 1256 m'rTERAms
904 1225 959 1255 ET
987 1223 1266 1255 DOGMA'HCA.

191 1312 270 1355 Sed
289 1314 483 1370 quodnam
503 1321 560 1356 est
579 1311 656 1356 hoc
677 1315 790 1356 altare
803 1313 823 1351 ’ἓ

189 1378 377 1435 Plerique·
389 1388 468 1422 tum
484 1383 714 1435 antiquiores
726 1412 738 1431 ‚
761 1388 839 1422 tum
857 1384 1092 1424 recentiores
1107 1379 1319 1434 intelligunt
1330 1377 1445 1421 altare

132 1449 451 1499 eucharisticum,
484 1451 523 1490 in
542 1462 617 1503 quo
637 1445 810 1489 Christus
825 1450 896 1489 sub
915 1451 1043 1502 specie
1064 1451 1171 1502 panis
1187 1454 1226 1490 et
1243 1449 1321 1488 vini
1338 1459 1444 1502 quo-

133 1515 225 1556 tidie
243 1514 469 1555 immolatur.
501 1511 556 1555 Ita
577 1511 874 1579 Theodoretus,
901 1512 1222 1600 'lheophylactus
1238 1543 1249 1564 ‚
1271 1509 1324 1553 D.
1348 1510 1443 1553 An-

132 1581 286 1624 seimus.

191 1647 244 1691 D.
264 1647 440 1690 Thomas
467 1647 636 1702 inteiligit
654 1649 798 1701 primo,
824 1660 926 1688 aram
949 1647 1094 1698 crucis,
1117 1647 1157 1687 in
1178 1643 1249 1701 qua
1270 1634 1445 1686 Christus

134 1729 203 1769 pro
224 1714 339 1755 nobis
360 1712 575 1754 immolatus
595 1719 632 1754 et
649 1717 806 1755 cruente
825 1712 970 1754 oblatus
991 1718 1072 1761 est3

191 1777 387 1826 Secundo,
405 1775 599 1823 Christum
615 1779 739 1830 ipsum
753 1807 762 1825 ‚
789 1780 827 1818 in
845 1791 920 1830 quo
942 1783 980 1818 et
994 1790 1062 1829 per
1074 1791 1189 1830 quem
1201 1787 1334 1830 preces
1346 1787 1446 1815 nos-

133 1849 207 1884 tras
228 1843 423 1884 offerimus
443 1840 550 1890 Deo,
579 1848 712 1895 estque
731 1843 855 1882 altare
875 1856 1035 1882 aureum
1054 1841 1102 1881 de
1121 1854 1197 1894 quo
1217 1838 1343 1892 Apoc.
1363 1838 1405 1880 8.

195 1909 398 1949 Habemus
419 1903 549 1960 itaque
579 1906 705 1946 altare
736 1905 906 1960 ligneum
933 1906 1054 1946 crucis
1069 1936 1081 1958 ‚
1105 1907 1143 1946 in
1178 1918 1252 1959 quo
1273 1900 1446 1945 Christus

134 1976 288 2014 cruente
309 1972 456 2012 oblatus
477 1978 547 2012 est.

193 2034 522 2076 Habemusaltare
539 2034 818 2088 lapidecn1‚i11
837 2048 912 2088 quo
930 2030 1102 2075 Christus
1115 2034 1311 2074 incruente
1326 2030 1447 2072 sacri-

134 2100 279 2142 fleatur.

192 2165 400 2206 Habemus
422 2164 548 2204 altare
568 2178 722 2206 aureum
735 2196 746 2218 ‚
768 2161 935 2216 Deoque
952 2163 1133 2218 dignum,
1165 2164 1287 2217 ipsam
1305 2158 1448 2203 Christi

134 2243 364 2285 personam,
389 2230 428 2268 in
457 2242 533 2282 quo
563 2227 689 2271 huma.
698 2231 840 2271 iitatem
873 2242 1005 2280 suam,
1041 2233 1220 2280 tanquam
1250 2226 1448 2267 victimam

132 2294 224 2340 Deo
243 2294 423 2348 dignam,
442 2292 648 2335 sacerdos
640 2309 679 2335 m
700 2301 887 2335 aeternum
903 2289 1076 2334 Christus
1092 2288 1280 2333 immolat.

189 2359 268 2403 Sed
281 2360 363 2415 quis
381 2359 597 2412 germanior
611 2357 790 2414 Apostoli
806 2358 971 2399 sensus?

189 2423 356 2467 l’raeter
347 2436 423 2476 Jam
435 2423 584 2476 citatos,
593 2419 724 2464 Estius
739 2426 872 2464 censet
883 2433 967 2462 csse
981 2420 1163 2475 primum,
1179 2415 1227 2458 de
1235 2410 1298 2458 ara
1314 2415 1450 2458 crucis.
