1430 2658
119 79 200 124 130
497 91 714 125 zprsrom
743 92 804 123 Aa
831 93 1040 126 mannos
1090 115 1100 120 -

171 156 212 197 5.
229 149 286 197 Et
303 149 482 209 quidem
499 149 553 196 de
575 148 675 198 filiis
693 150 801 197 Levi
817 151 1114 200 sacerdotium
1133 144 1413 214 accipientes,

112 224 373 270 mandatum
395 222 556 279 babent
576 223 767 271 decimas
804 242 977 273 sumere
1005 228 1030 273 ὲ
1048 227 1222 286 populu
1246 246 1418 278 secun-

111 299 220 344 dum
243 297 402 358 legem,
427 297 473 343 id
491 309 581 356 est,
607 302 632 346 ὲ
651 297 855 346 fratribus
877 299 982 359 suis,
1003 316 1258 360 quanquam
1277 312 1319 350 et
1335 303 1417 362 ipsi

111 371 298 419 exierint
330 373 384 419 de
409 371 572 419 lumbis
600 372 806 421 Abrahae.

167 450 208 492 6.
234 446 374 504 Cujus
395 456 543 492 autem
565 453 790 505 generatio
812 463 903 495 non
925 459 1246 497 annumeratur
1259 450 1307 496 in
1323 449 1387 496 eis
1404 485 1416 505 ,

111 518 305 566 decimas
335 519 519 576 sumpsit
555 518 608 563 ab
634 519 889 577 Abraham,
922 530 964 567 et
985 519 1104 568 hunc
1123 521 1200 581 qui
1229 522 1429 572 Habebat-

111 592 479 651 repromissiones
511 592 747 641 benedixit.

173 844 337 904 7.Sine
361 845 444 892 ull
425 865 449 893 ι
466 857 612 893 autem
634 846 1010 905 contradictione,
1033 848 1153 908 quod
1171 849 1320 897 minus
1336 859 1419 908 est,

113 936 137 964 a
160 917 342 965 meliore
363 919 654 967 benedicitur.

170 995 212 1038 8.
232 992 288 1038 Et
307 993 380 1039 hic
399 993 596 1050 quidem,
610 994 804 1042 decimas
824 995 1065 1043 morientes
1079 995 1282 1046 homines
1299 995 1422 1044 acci-

113 1065 242 1124 piunt
261 1088 270 1120 3
294 1065 355 1112 ibi
375 1077 523 1114 aulem
545 1078 829 1128 contestatur,
847 1068 951 1128 quia
970 1068 1090 1117 vivit.

166 1268 208 1310 9.
228 1247 283 1294 Et
309 1253 389 1305 (ut
407 1249 467 1296 ita
488 1248 657 1297 dictum
677 1251 768 1307 sit)
791 1269 871 1311 per
887 1200 1116 1300 Abrssaam
1129 1263 1173 1302 et
1191 1253 1320 1313 Levi,
1345 1253 1422 1315 qui

117 1320 311 1369 decimas
330 1322 515 1382 accepit,
536 1323 781 1372 decimatus
802 1334 885 1372 est.

173 1416 236 1443 ιο
258 1396 418 1443 Adhuc
435 1396 556 1442 enim
580 1396 628 1442 in
647 1396 816 1445 lumbis
841 1397 980 1456 patris
1001 1408 1111 1458 erat,
1134 1398 1314 1458 quando
1338 1397 1423 1447 ob·

111 1469 247 1517 viavit
265 1469 303 1517 ei
320 1469 671 1518 Melchisedech.

174 1669 240 1695 11.
263 1649 311 1696 Si
331 1666 433 1707 ergo
456 1649 782 1698 consummatio
815 1667 894 1709 per
924 1647 1220 1698 sacerdotium
1248 1645 1422 1696 Leviti-

114 1740 216 1769 cum
253 1733 346 1769 erat
386 1724 607 1781 (pop-ulus
645 1725 765 1771 enim
799 1724 880 1771 sub
919 1724 1017 1782 ipso
1047 1723 1192 1784 legem
1223 1723 1420 1780 accepit)

116 1796 222 1854 quid
261 1794 405 1841 adhuc
456 1795 753 1842 necessarium
792 1796 900 1854 fuit,
939 1795 1184 1843 secundum
1218 1793 1422 1841 ordinem

116 1866 447 1915 Melchisedech
466 1867 603 1914 alium
637 1886 817 1929 surgere
849 1869 1145 1926 sacerdotem,
1168 1877 1211 1914 et
1244 1884 1336 1915 non
1354 1884 1424 1916 se·

118 1941 316 1988 cundum
339 1940 543 1987 ordinem
567 1942 876 1988 Aaron'dici?

170 2024 244 2063 ἰν..
279 2015 520 2062 Translato
555 2016 677 2063 enim
713 2017 960 2065 sacerdotio
978 2051 990 2072 ‚
1010 2033 1190 2064 necesse
1216 2024 1283 2064 est
1303 2023 1353 2063 ut
1382 2022 1429 2062 et

117 2090 226 2151 legis
250 2090 479 2138 translatio
505 2092 598 2138 fiat.

135 2247 137 2250 -
181 2218 248 2262 13.
265 2214 320 2260 In
338 2231 426 2273 quo
449 2214 568 2260 enim
586 2214 678 2263 haec
696 2215 905 2262 dicuntur
922 2251 935 2274 ,
954 2215 1009 2262 de
1026 2214 1111 2262 alid
1126 2213 1245 2265 tribu
1260 2222 1352 2270 est,
1371 2211 1427 2258 de

120 2288 210 2346 qud
229 2285 379 2334 nullus
400 2286 526 2333 altari
545 2292 704 2346 praesti)
726 2289 821 2335 suit.

185 2435 250 2487 14.
288 2430 579 2477 Manifestum
609 2441 674 2478 est
708 2431 828 2478 enim
864 2432 986 2490 quod
1009 2448 1061 2478 ex
1086 2430 1206 2478 suda
1227 2439 1348 2477 ortus
1369 2429 1430 2478 sit
