1474 2658
386 72 522 106 mex
552 74 704 106 uenum
735 75 792 106 m·
821 74 1075 106 venzonum
1299 61 1386 120 479

567 196 570 197 γ
633 154 811 190 mseras.

69 237 239 286 Quilibet
256 206 497 275 hhristimus
516 239 574 274 est
588 236 712 285 pugil.
732 236 788 273 ΙΙ.
810 241 895 274 215.
917 240 1003 274 218.

67 295 265 342 Quomodo
282 293 559 344 pugnandum?
575 293 632 332 Π.
652 297 741 332 215.
761 298 847 330 216.
867 298 953 331 218.

540 380 906 436 RECAJ‘ITULATIO.

70 459 350 509 Recepitulatio
363 459 496 496 mundi
507 486 519 504 ,
541 458 729 496 Christus,
743 458 969 505 Quomodo?
986 464 1043 497 lv.
1063 465 1125 497 21.

67 515 186 562 Hujus
201 514 528 564 recapitulationis
545 514 717 552 effectus.
734 515 807 554 IV.
828 515 928 552 Ibid.

65 571 215 610 Coelum
229 578 267 611 et
282 579 381 612 terra
399 586 473 611 una
489 574 558 611 Dei
573 574 720 610 domus.
734 573 835 610 Ibid.
851 577 988 610 Omnes
1005 572 1214 610 Christiani
1229 572 1375 612 fratres.

114 632 218 671 Ibid.

535 719 894 753 RECONCILIATIO.

62 799 303 837 Attendenda
322 799 363 836 in
383 802 521 835 nostrae
538 797 860 834 reconciliationis
874 798 1000 834 modo.
1026 795 1099 836 IV.
1121 799 1206 833 318.

62 861 156 893 Usus
172 855 276 893 illius
290 859 430 893 nostrae
450 855 785 891 reconciliationis.
809 855 910 892 Ibid.

60 917 304 952 Peccator-um
324 912 494 950 remissio
511 924 580 961 per
598 913 818 959 sanguinem
836 912 921 949 Filii
938 912 1026 958 Dei,
1043 915 1099 963 est
1117 911 1285 949 omnium
1304 911 1375 948 Dei

110 970 296 1006 donorum
315 969 531 1005 maximum.
550 968 625 1008 IV.
650 973 707 1005 18.

60 1025 184 1064 Nimia
198 1025 373 1065 charitas.
395 1024 468 1066 IV.
492 1030 552 1063 50.

340 1111 759 1145 RECONC1L1AT1ON18
784 1111 1087 1145 MINISTERIUM.

57 1188 105 1225 In
123 1200 199 1237 quo
227 1187 402 1227 consistit
425 1189 747 1226 reconciliationis
769 1189 1049 1227 ministerium?
1075 1188 1152 1226 ΙΙΙ.
1176 1191 1257 1226 114.
1284 1192 1367 1226 115.
1391 1197 1393 1199 ·

55 1250 174 1297 Hujus
190 1249 391 1286 ministerii
409 1254 563 1298 auctor,
586 1251 771 1287 mediator
785 1278 794 1295 ,
815 1251 998 1287 minister.
1021 1249 1120 1287 Ibid.

55 1307 296 1344 profunditas
317 1307 455 1345 divinae
473 1309 684 1345 clementiae
702 1309 742 1344 in
762 1308 890 1344 nostrai
909 1306 1242 1351 reconciliatione,
1268 1310 1304 1344 et
1326 1307 1369 1344 in

105 1365 219 1401 modo
236 1364 521 1402 reconciliandi.
542 1359 616 1402 III.
643 1370 724 1403 116.

54 1421 223 1459 Minister
239 1421 314 1458 hoc
331 1433 479 1458 sacrum
504 1433 619 1469 agens
640 1422 888 1459 ministerium
902 1449 912 1468 ,
933 1422 1102 1459 attendat
1117 1421 1211 1470 quid
1229 1422 1276 1459 sit
1291 1450 1300 1468 ,
1328 1426 1367 1461 et

101 1479 194 1526 quid
207 1482 308 1526 agat.
325 1479 402 1516 III.
427 1483 509 1517 119.

51 1533 308 1575 ministrorum
327 1535 421 1572 vitia
438 1536 655 1572 redundant
672 1535 710 1570 in
728 1535 991 1574 ministerium.
1014 1535 1090 1574 III.
1114 1540 1198 1573 128.

573 1615 836 1649 REDEMPTxo.

51 1697 197 1746 Duplex
210 1699 338 1733 nostra
356 1697 567 1747 redemptio
583 1725 593 1742 ‚
615 1698 790 1734 inchoata
805 1726 814 1744 ‚
832 1700 1031 1747 completa.
1054 1698 1129 1739 IV.
1147 1705 1207 1738 24.

534 1783 856 1820 REGENERATIO.

47 1861 357 1908 Regenerationis
370 1861 540 1919 effectus,
559 1862 614 1899 II.
636 1867 718 1900 132.
743 1869 826 1901 133.
839 1863 895 1900 Ob
909 1875 1003 1911 quos
1020 1869 1098 1903 Deo
1115 1866 1253 1913 gratias
1271 1879 1356 1916 age.

96 1920 198 1957 Ibid.
217 1921 321 1960 Vide
338 1921 580 1972 Baptismus.

592 2009 806 2044 REGIMEN.

3 2111 6 2114 -
45 2090 84 2125 S.
105 2088 241 2124 Paulus
265 2088 367 2124 varia
392 2089 456 2125 dat
474 2088 732 2137 superioribus
764 2091 884 2128 sancti
907 2093 1103 2141 regiminis
1126 2098 1295 2145 exempla
1321 2102 1361 2136 et

94 2143 334 2181 documenta.
354 2143 428 2181 III.
451 2149 538 2183 217.
553 2145 657 2184 Vide
674 2147 888 2186 Praelatus

547 2232 734 2268 REGNUM
758 2235 848 2269 DEI.

43 2311 214 2356 Regnum
231 2308 301 2346 Dei
314 2320 390 2346 non
409 2314 466 2347 est
481 2321 564 2347 esca
578 2316 614 2347 et
631 2317 755 2361 potus,

43 2362 138 2401 Hocv
154 2365 239 2401 loco
272 2366 479 2404 abutuntur
505 2367 675 2406 haerctici
698 2373 828 2407 contra
845 2370 988 2420 jejunia
1005 2372 1051 2410 ab
1075 2374 1240 2412 Ecclesia
1259 2385 1358 2423 prae-

92 2425 199 2470 cepta
209 2435 220 2468 ;
235 2423 302 2461 sed
314 2425 422 2466 male.
438 2426 470 2465 I.
490 2429 575 2464 368.
