1430 2658
0 0 45 86 F

365 89 555 129 rumex
585 97 826 131 most-no.
855 85 956 142 Cap.
987 81 1093 130 Vll.
1308 87 1392 146 159

8 146 252 222 ‘Quod
267 158 301 200 si
318 159 423 214 prius
434 157 527 201 illud
541 156 838 204 Testamentum
855 159 930 203 tale
946 159 1105 215 suisset,
1120 162 1218 203 utin
1234 175 1284 203 eo
1297 162 1393 205 nihii

54 220 352 278 ‚desideraretur
364 256 378 279 ‚
399 241 640 283 nequaquam
661 231 844 284 quaesitus
862 227 995 271 suisset
1014 230 1183 272 secundo
1204 230 1325 275 locus.

131 306 333 354 Attamen
356 307 465 352 Deus
485 307 646 354 Judaeos
666 326 870 364 accusans,
891 317 1076 367 vetusque
1097 310 1395 356 Testamentum

10 373 268 427 „kinfirmum
286 389 532 430 supponens,
553 389 699 433 novum
724 375 914 419 efficacius
929 378 1114 432 promittit
1132 376 1192 418 his
1214 374 1396 420 Jeremiae

75 441 208 484 verbis
235 456 249 482 ε
277 436 381 482 Ecce
407 441 490 483 dies
519 443 708 493 veniunt,
744 443 842 483 dicit
865 443 1084 492 Dominus,
1118 445 1395 485 consummabo

74 521 195 562 super
222 506 383 571 domum
404 505 545 556 Israel,
569 514 608 548 et
626 521 742 562 super
763 508 921 549 domum
938 507 1075 558 Juda‘,
1102 507 1394 550 Testamentum

75 585 231 613 morem.

134 630 230 676 Non
252 634 358 686 juxta
380 631 674 677 Testamentum
695 633 799 690 quod
821 632 895 676 feci
919 635 1087 689 patribus
1113 647 1246 676 eorum
1273 635 1312 675 in
1332 634 1395 676 die

78 694 153 752 qua
165 725 179 748 ‚
196 698 302 753 quasi
317 695 555 752 apprehensa
570 711 684 739 manu
702 711 864 749 eorum,
885 695 966 738 illos
985 696 1102 738 eduxi
1117 695 1166 738 de
1180 698 1396 752 captivitate

78 759 278 824 AEgypti:
297 765 478 818 quoniam
498 769 651 818 pactum
662 777 800 805 meum
820 776 900 804 non
918 756 1188 815 servaverunt,
1208 775 1276 804 eos
1289 775 1390 804 con-

77 831 241 887 tempsi,
264 829 356 871 dicit
375 827 586 873 Dominus.

143 1005 239 1049 Hoc
256 1014 383 1049 autem
402 1015 460 1050 est
478 1005 774 1050 Testamentum
792 1008 895 1063 qnod
912 1010 1080 1062 paciscar
1095 1021 1182 1049 cum
1198 1007 1317 1049 domo
1335 1004 1397 1048 Is-

79 1073 157 1116 raet
177 1079 262 1128 post
277 1073 360 1115 dies
378 1073 461 1115 illos
477 1105 490 1126 ,
508 1073 601 1116 dicit
617 1072 830 1124 Dominus3
849 1074 982 1116 indam
998 1074 1122 1129 legem
1142 1087 1267 1115 meam
1284 1087 1397 1115 men-

78 1143 181 1183 tibus
207 1141 383 1194 issomm,
409 1148 447 1184 et
468 1143 507 1183 in
532 1142 712 1184 cordibus
739 1156 873 1184 eorum
900 1143 1102 1185 inscribam
1130 1155 1241 1192 eam,
1269 1148 1307 1183 et
1329 1156 1397 1184 ero

78 1205 261 1248 illis'vere
279 1203 407 1259 Deus,
428 1213 466 1248 et
483 1209 554 1261 ipsi
572 1210 741 1250 vicissim
761 1214 872 1250 erunt
889 1207 985 1249 mihi
1003 1210 1094 1249 vere
1117 1206 1290 1263 populus.

134 1376 223 1422 Nec
241 1393 340 1435 opus
357 1383 430 1422 erit
443 1387 484 1422 ut
495 1387 648 1435 cogatur
666 1383 827 1437 quisque
842 1382 1044 1423 concivem
1063 1395 1174 1423 suum
1189 1375 1397 1434 et2sratrem

80 1456 193 1484 suum
209 1442 374 1496 docere,
392 1443 523 1486 dicens
541 1461 550 1485 :
572 1445 766 1499 Cognosce
783 1447 995 1487 Dominum
1010 1461 1026 1494 ‚·
1042 1447 1220 1500 quoniam
1237 1458 1392 1495 omnes,

3 1514 8 1515 ⁷
79 1508 291 1552 idololatria
309 1510 529 1565 contempt&
543 1542 555 1563 ,
580 1527 645 1554 me
664 1519 896 1566 cognoscent
919 1527 1038 1554 unum
1053 1543 1066 1563 ‚
1091 1526 1225 1554 verum
1245 1509 1372 1552 Deum
1389 1542 1399 1559 ,

80 1589 243 1627 omnes,
261 1576 418 1629 inquam
431 1606 444 1628 ,
463 1579 485 1617 a
508 1579 669 1619 minimo
687 1578 736 1619 ad
763 1579 973 1619 maximum
988 1608 999 1629 ,
1022 1591 1087 1618 me
1107 1582 1341 1632 cognoscent
1360 1581 1398 1618 et

7 1668 10 1670 -
81 1639 222 1681 colent.

139 1702 333 1761 Propitius
349 1707 405 1749 eis
423 1706 586 1761 reddar,
602 1698 756 1749 veniam
771 1709 822 1749 ita
839 1710 1012 1750 tribuens
1026 1707 1232 1750 sceleribus
1244 1721 1392 1758 eorum,

79 1775 123 1811 ut
141 1784 193 1812 ne
212 1778 455 1826 peccatorum
476 1771 633 1826 quidem
652 1772 831 1814 recorder
850 1773 1023 1827 amplius.

136 1848 313 1893 Audistis
331 1851 436 1905 quod
458 1849 565 1894 Deus
591 1867 735 1894 novum
751 1850 1046 1895 Testamentum
1065 1867 1132 1908 per
1150 1867 1193 1893 os
1216 1849 1399 1894 Jeremiae

79 1919 320 1974 promiserit,
347 1922 483 1971 porro,
507 1933 653 1961 novum
679 1919 835 1973 dicens,
868 1920 1095 1974 significavit
1123 1921 1288 1974 primum
1314 1933 1399 1963 ease

81 1989 193 2025 vetus
218 1989 258 2024 et
283 1985 515 2038 antiquum.
542 1986 646 2040 quod
666 1993 794 2028 autem
803 1989 1013 2052 antiquum
1039 1993 1078 2028 et
1103 1999 1225 2027 senex
1251 1991 1335 2038 est,
1358 1987 1398 2026 in

81 2049 297 2103 propinquo
319 2054 431 2091 estut
446 2058 674 2103 evanescat,
694 2066 762 2093 seu
779 2054 960 2102 intereat3
982 2052 1085 2108 quod
1104 2065 1195 2105 ergo
1214 2047 1242 2092 J
1245 2064 1398 2093 eremiae

79 2113 347 2168 temporibus
335 2126 413 2167 Jam
429 2123 628 2170 senuerat,
652 2130 755 2159 nunc
776 2119 931 2161 interiit.
