1474 2658
3 94 122 146 ·.··“
154 81 163 89 ”
185 93 191 101 ’
211 113 217 117 s
371 76 530 126 'm
539 88 703 128 mauu
733 94 790 125 ετ
818 84 1083 128 mnenon.
1286 81 1384 142 ’357

9 139 227 210 {qum
239 150 356 189 ddunt
371 151 643 193 munium
655 152 954 192 christianorum
972 157 1091 194 unio.
1081 155 1090 182 ¹
1111 155 1207 194 ibid.
1346 155 1354 172 ³

0 206 526 258 :walia-inlata
536 213 594 247 est
605 210 777 257 cognitio
788 213 1053 259 mysteriorum
1064 213 1147 260 Dei,
1162 166 1301 263 quiin·
1287 213 1385 264 ipsis

0 254 16 317 j·
98 264 269 302 veteris
281 265 510 309 Testamenti
523 265 733 314 prophetis.
753 266 849 302 lbid.

3 327 29 353 .1-
74 320 285 370 Quomodo'
300 321 372 358 hac
388 321 529 369 gratia
532 322 741 358 utendum.
731 321 748 345 9
765 325 905 359 1V.87.

0 352 30 436 ἓ.
77 383 111 416 Δ
127 380 340 419 Christiano
351 381 516 418 alienum
530 385 588 418 est
600 380 756 418 delicias
765 390 948 428 quaerere,
966 381 1104 428 quare?
1116 386 1174 420 IV.
1190 387 1276 420 260.
1292 387 1380 421 261.

0 438 14 476 ,-ἶ
82 435 289 484 quatient
296 436 596 474 Christianorum
614 435 870 483 municipatus
883 435 899 470 ·?
911 436 1013 472 ibid.

76 492 301 530 omnimoda
318 493 358 529 in
378 493 589 530 Christiano
607 492 812 540 requiritur
837 492 1048 538 munditia,
1076 494 1239 542 mentis,
1257 495 1382 532 cordis

2 581 7 586 ,
125 553 166 587 et
182 550 553 598 eorporis.lV.142.
579 554 647 587 1⁴3

3 647 6 651 ⁴
75 605 310 644 Christianus
325 608 375 644 sit
390 608 498 656 quasi
513 609 621 645 stella
640 607 812 654 fulgens,
831 618 899 643 seu
916 605 1101 644 terrestris
1117 608 1241 654 stella,
1256 608 1316 674 i'ax
1332 608 1383 644 vi-

122 668 196 710 tae,
211 675 280 702 seu
294 666 439 703 ducens
454 667 504 702 ad
522 666 651 702 vitam.
682 669 743 701 lV.
764 668 850 701 234.
869 669 956 702 235.

21 718 24 720 ’
74 721 235 759 infinitae
251 724 348 760 Dei·
337 737 378 761 in
404 724 658 760 Christianum
680 722 960 759 misericordiae.
981 726 1041 759 IV.
1071 725 1133 760 34.

74 781 258 819 AEternae
247 793 288 818 m
305 782 559 819 Christianum
577 781 844 817 misericordiae
856 780 938 817 Dei.
951 781 1060 817 ntum
1074 785 1174 818 Deus
1183 782 1230 818 ab
1241 785 1383 820 aeterno

124 837 306 884 cogitavit
318 863 331 884 ,
348 838 482 874 ditexit
493 864 506 882 ,
524 837 654 885 etegit.
675 837 772 874 ibid.

69 895 306 942 Temporales
323 893 365 930 in
382 893 636 931 Christianum
656 894 726 930 Dei
743 893 1034 932 misericordiae.
1052 895 1146 932 ibid.

68 952 181 988 Illum
198 951 291 990 lavit
317 952 358 988 in
384 953 569 1000 sanguine
593 953 755 997 Christi,
788 953 890 988 itlius
916 958 1072 1001 peccata
1097 954 1267 1000 delevit,
1297 964 1384 991 eum

123 1009 374 1046 sanctificavit
388 1021 459 1057 per
479 1010 706 1046 infusionem
724 1010 856 1057 gratiae
874 1011 1162 1048 sanctificantis.
1186 1016 1248 1050 35.

72 1067 192 1113 Hujus
204 1066 332 1114 gratiae
349 1066 520 1103 effectus.
541 1070 600 1102 lV.
622 1066 702 1102 ibid
721 1070 760 1102 et
776 1077 855 1114 seq.

72 1127 221 1171 Quanta
253 1123 387 1160 animae
401 1122 641 1160 sanctificatae
665 1123 850 1171 dignitas'
873 1128 934 1161 26.
960 1127 1004 1162 53

74 1183 280 1220 Christiani
307 1193 394 1220 vera
426 1187 515 1219 sunt
534 1183 798 1229 circumcisio;
826 1184 915 1231 quia
939 1184 1055 1221 corde
1081 1185 1295 1224 circumcisi
1318 1191 1380 1226 lV.

147 1235 233 1270 249.

71 1291 163 1337 Quis
179 1290 269 1328 vere
289 1291 551 1328 Christianus?
571 1292 666 1327 lbid.

72 1348 160 1384 Idea
178 1349 226 1384 de
243 1359 333 1384 vero
351 1348 578 1384 Christiano.
601 1352 661 1384 IV.
684 1350 771 1384 262.

70 1405 165 1451 Quis
183 1403 278 1440 falsi)
295 1404 556 1440 Christianus?
574 1407 635 1439 lV.
656 1407 743 1439 250.

69 1460 305 1496 Christianus
320 1459 422 1496 filius
438 1461 557 1504 lucis,
585 1459 676 1495 hinc
693 1459 801 1506 vigil.
823 1463 881 1496 IV.
901 1463 987 1497 469.

39 1551 45 1555 .
69 1520 167 1554 Vero
177 1516 389 1554 Christiano
403 1517 589 1564 optandus
602 1517 786 1554 adventus
803 1517 968 1553 Domini.
986 1517 1081 1554 thid.
1097 1518 1242 1556 Fusius.
1258 1522 1300 1555 V.
1316 1524 1378 1558 22.

174 1576 299 1612 ,vide
317 1575 532 1611 Adventus.

71 1633 171 1679 Quid
187 1632 275 1669 vere
291 1632 552 1668 christianus?
568 1637 612 1669 V.
637 1636 695 1669 14.
720 1638 778 1671 16.

68 1694 159 1737 Quae
187 1690 334 1726 divitiae
353 1690 560 1726 Christiani
597 1701 745 1739 semper
779 1691 976 1740 optandae,
1002 1703 1151 1742 semper
1176 1664 1383 1742 augendaei'

116 1754 160 1787 V.
181 1754 241 1787 ¹9.

72 1809 181 1846 Unde
194 1808 348 1845 illarum
363 1806 582 1856 agnoscitur
598 1810 871 1857 augmentum?
888 1815 931 1848 V.
953 1816 988 1850 5.
1015 1816 1074 1850 15.

64 1867 260 1904 chn'stum
275 1867 448 1903 imitetur
466 1868 715 1905 Christianus.
997 1878 1003 1883 ·

68 1927 111 1960 ln
128 1923 363 1959 humilitate.
385 1927 445 1960 lV.
466 1928 551 1961 227.
572 1927 658 1961 228.

65 1982 109 2014 ln
127 1978 323 2014 charitate.
342 1982 397 2014 IV.
417 1983 504 2016 228.

67 2037 206 2074 Christi
219 2037 410 2073 humilitas
427 2042 466 2075 et
484 2039 646 2076 charitas
660 2038 791 2075 sentiri
808 2042 948 2087 potest,
964 2039 1123 2088 concipi
1141 2051 1219 2078 non
1234 2044 1376 2090 potest.

115 2091 216 2128 lbid.

66 2150 212 2186 Sentiat
220 2159 319 2195 ergo
338 2159 403 2184 cor
416 2148 509 2196 quid
528 2150 577 2186 sit
595 2154 714 2187 Deum
732 2150 933 2197 exinaniri,
951 2152 1122 2199 obedire,
1138 2152 1241 2200 pati,
1261 2152 1375 2190 mori.

115 2206 213 2242 ibid.

63 2262 183 2307 nujus
201 2271 330 2296 sensus
349 2260 435 2307 quis
452 2235 638 2298 effectus?
654 2266 713 2298 IV.
739 2267 825 2299 238.
848 2267 934 2300 239.

63 2317 294 2354 Christianus
311 2318 359 2353 ad
385 2319 609 2366 patiendum
627 2320 849 2372 destinatus.
875 2326 935 2358 IV.
958 2325 1045 2360 238.

62 2375 157 2411 Vere
172 2376 238 2423 pio
256 2387 333 2412 non
348 2376 453 2413 deest
471 2376 680 2415 tribulatio.
699 2378 795 2428 lbid.
819 2378 913 2417 Vide
930 2378 1157 2427 Passiones,
1179 2378 1373 2428 Affliclio,

114 2430 236 2471 Crux.
