1474 2658
1143 21 1161 34 ‚a

114 52 200 102 43!
419 61 547 91 mmzx
583 61 734 91 marum
766 60 825 112 nr
853 54 1128 101 vuasonem

115 123 394 158 Sacramentum
413 119 487 156 hoc
503 130 682 167 magnum
699 122 776 164 est;
792 118 834 155 in
851 118 955 167 quo?
973 118 1043 160 lv.
1071 119 1182 158 rust·

114 178 212 224 Quid
230 177 435 225 requiritur
452 175 501 212 ad
520 175 757 216 sanctitatem
777 175 818 212 in
836 180 924 212 actu
939 175 1158 224 conjugali?
1174 174 1250 216 IV.
1275 178 1358 216 159

114 236 302 286 Impudiei
318 237 498 283 conjuges
516 237 604 271 sunt
621 234 865 282 opprobrium
885 234 1026 271 Christi
1043 239 1082 272 et
1101 235 1309 285 Ecclesiae,
1327 234 1444 275 sicut'

163 300 202 333 et
220 295 426 332 discordes.
445 292 519 334 lv.
547 297 629 330 1·.60
651 293 743 330 Vide
764 293 1006 341 conjuqium.

112 357 405 403 conjugatorum
426 366 581 391 munera
599 354 813 391 videantur.
835 354 936 390 Ibid.

114 417 228 449 'lanta
253 411 456 449 Christiani
482 409 680 455 sanctitas,
702 414 745 446 ut
770 410 917 458 antiqui
937 410 1154 447 dubitarent
1174 422 1268 447 num
1291 388 1424 448 Chris-

162 469 288 513 tiano,
304 466 450 503 homini
464 465 607 502 coelesti
624 468 662 501 et
678 476 747 513 per
757 466 987 515 baptismum
1001 467 1109 515 quasi
1121 467 1274 514 divino,
1291 467 1424 505 liceret

163 538 252 562 usus
270 524 510 562 matrimonii.
534 523 589 560 ΙΙ.
613 526 698 560 154.
1426 551 1428 553 ,

113 583 255 629 Quibus
273 580 477 627 respondet
494 582 537 614 D.
557 579 691 626 Paulus
712 579 986 617 continentiam
1004 581 1183 626 laudans,
1202 581 1424 621 fornicatio·

162 650 249 676 nem
267 638 485 684 vituperans
497 665 506 680 ‚
527 636 764 683 conjugalem
782 637 1056 674 continentiam
1072 631 1299 676 concedens,
1320 639 1422 677 naid.

111 694 243 732 Melius
260 698 298 730 et
324 693 550 729 laudabilius
570 697 626 729 est
642 704 794 729 uxorem
816 706 919 730 suam
938 706 1015 732 non
1034 698 1212 743 tangere,
1240 695 1330 744 quia
1350 696 1424 734 hoc
1459 692 1464 697 ’

163 751 377 799 angelicum
399 754 436 786 et
456 749 611 786 homine
630 751 775 787 coelesti
793 752 964 798 dignum.
985 752 1042 790 11.
1066 753 1148 790 155

112 810 348 858 Impuritatis
364 813 489 845 tamen
509 808 629 855 gratia
647 808 809 846 vitandae
828 809 1052 846 conceditur
1067 821 1158 846 usus
1178 811 1422 848 matrimonii.

162 868 263 904 Ibid.

112 925 337 973 conjugium
360 922 582 961 Christianis
596 934 673 958 nou
690 922 874 970 praecepit
888 911 1100 970 Apostolus.
1120 924 1222 962 Ibid.

111 983 227 1019 Multo
252 982 377 1017 minus
396 979 654 1017 sacerdotibus
678 983 717 1015 et
743 979 960 1025 monachis,
992 983 1040 1015 ut·⁴
1057 975 1232 1028 perverse
1257 980 1427 1018 inferunt

163 1039 345 1076 haeretici.
370 1038 468 1075 lbid.
578 1066 580 1068 .

61 1138 63 1142 ‚
111 1101 320 1147 conjugum
337 1098 421 1144 jura
442 1100 480 1133 et
498 1096 623 1132 debita
642 1095 759 1143 paria.
782 1094 838 1134 ΙΙ.
862 1100 943 1133 156.
970 1095 1061 1134 Vide
1086 1097 1329 1146 Conjuqium.

112 1157 275 1192 Ecclesia
306 1154 586 1192 matrimonium
619 1151 814 1190 rever-‘etur
841 1157 884 1189 ut
914 1158 1188 1191 sacramentum
1230 1159 1424 1202 sanctum,

163 1225 341 1259 magnum
362 1218 399 1249 et
418 1211 655 1248 honorabile.
1256 1204 1258 1207 ’

113 1271 373 1318 Virginitatem
395 1275 517 1304 lamen
538 1268 572 1303 ei
595 1267 807 1315 p1·aet'ertut
825 1267 1159 1306 honorabiliorem.

115 1336 319 1375 Utrumque
335 1328 436 1374 juxta
455 1331 498 1362 D.
520 1327 624 1362 Pauli
643 1326 866 1363 doctrinam.

115 1386 214 1421 Nihil
232 1386 333 1429 juxta
352 1393 498 1418 errores
519 1382 538 1416 a
559 1385 603 1417 D.
627 1384 738 1416 Paulo
757 1382 968 1420 damnatos.
989 1386 1032 1420 V.
1056 1387 1138 1421 155.
1163 1388 1246 1422 156.

114 1443 276 1478 Ecclesia
296 1432 514 1476 coelibatum
536 1438 734 1475 initiandis
759 1440 953 1488 praecipit,
977 1446 1019 1477 ut
1044 1453 1176 1479 eorum
1196 1443 1311 1480 statui
1333 1455 1426 1481 con-

156 1497 450 1533 <venientiorem.

113 1555 185 1590 Sed
210 1555 310 1589 hunc
328 1556 466 1588 statum
492 1550 590 1587 nulli
615 1549 813 1599 praecipit3
832 1562 903 1589 nec
926 1556 1126 1602 propterea
1148 1557 1302 1605 nuptias
1322 1559 1426 1595 dam-

162 1616 246 1656 nat,
266 1615 308 1646 ut
330 1611 458 1646 malas.
480 1608 581 1646 Ibid.

518 1703 522 1705 ’
584 1694 775 1728 MELCHlS
781 1695 940 1731 EDECH.

115 1779 198 1815 Fuit
216 1776 335 1823 figura
354 1775 516 1820 Christi,
536 1774 704 1811 Christus
721 1775 871 1813 veritas.
890 1776 964 1815 VI.
992 1781 1075 1816 151.

116 1839 210 1874 Hinc
228 1835 366 1872 Christi
384 1835 634 1871 sacerdotium
653 1835 864 1872 sublimius.
886 1836 986 1874 Ibid.

114 1897 219 1931 luter
240 1898 439 1939 utrumque
460 1892 688 1936 similitudo,
709 1892 774 1927 sed
790 1894 892 1928 nulla
909 1893 1061 1941 paritas.
1082 1893 1157 1933 VI.
1181 1899 1265 1934 152.

114 1958 141 1989 A
169 1949 442 1988 Melchisedech
479 1949 599 1985 discat·
634 1948 773 1984 Christi
803 1950 975 1986 sacerdos
1012 1951 1134 1998 qualis
1166 1952 1303 1990 debeat
1329 1964 1422 1992 esse.

166 2007 240 2047 VI.
267 2013 347 2044 151.
1368 2043 1374 2045 ,

112 2067 234 2102 Multae
251 2062 539 2101 Melchisedechi
558 2074 646 2099 cum
663 2063 812 2101 Christo
830 2063 1111 2102 similitudines.
1132 2063 1208 2104 VI.
1231 2070 1315 2105 137.

114 2128 194 2159 Duo
218 2123 407 2170 praecipua
426 2121 697 2157 consideranda
711 2122 752 2157 iu
770 2122 1058 2159 Melchisedech.
1079 2121 1153 2163 Vl.
1179 2127 1262 2161 139.

70 2222 71 2225 ¹
113 2181 275 2217 Primum
292 2207 302 2226 ,
327 2179 428 2226 quod
449 2179 485 2215 ei
502 2179 686 2215 Abraham
706 2180 811 2216 dedit
825 2181 1000 2219 decimas.
1026 2184 1109 2219 140.

115 2243 251 2273 llarum
271 2236 501 2272 decimarum
524 2236 755 2272 excellentiae
778 2235 890 2285 supra
908 2237 1103 2275 Leviticas.
1126 2237 1227 2275 Ibid.

115 2298 342 2341 Secundum,
354 2296 456 2342 quod
473 2297 664 2333 benedixit
681 2298 941 2335 Abrahamum.
961 2299 1069 2337 Ibid.

117 2359 140 2391 l
144 2368 162 2392 x
180 2355 240 2392 his
256 2353 413 2390 decimis
428 2357 464 2389 et
481 2353 549 2388 hac
564 2355 829 2394 benedictione
842 2357 1001 2395 infertur
1009 2358 1297 2398 Melchisedeohi
1309 2371 1422 2410 supra

165 2409 350 2447 Abraham
370 2408 742 2459 superioritas.1hid.
