1430 2658
123 82 201 126 132
515 89 726 120 EmsroLAE
757 85 817 117 An
845 84 1050 117 nemitos

120 134 348 203 Dominus
377 155 529 194 noster
556 147 632 193 :in
666 146 752 204 qua
777 143 894 191 tribu
915 142 1024 190 nihil
1042 141 1098 189 de
1117 142 1421 192 sacerdotibus

117 222 299 279 Moyses
323 218 496 271 locutus
516 229 591 266 est.

179 298 244 340 15.
265 291 319 338 Et
339 291 530 350 amplius
547 291 692 339 adhuc
711 291 991 338 manifestum
1010 301 1074 340 est
1089 328 1100 348 ‚
1118 291 1157 340 si
1175 290 1421 338 seeundum

78 425 81 428 ff
119 366 460 414 similitudinem
477 365 812 413 Melchisedech
839 375 1041 426 exsurgat
1055 364 1165 414 alius
1180 364 1386 414 sacerdos
1404 401 1417 423 ‚

177 486 240 530 16.
265 483 358 546 Qui
378 501 470 530 non
490 483 732 530 secundnm
753 483 893 544 legem
912 482 1109 530 mandati
1125 481 1314 548 carnatis
1329 482 1422 530 fac·

115 567 185 605 tus
204 567 268 604 est
287 578 295 603 :
314 557 390 604 sed
408 557 651 605 secundnm
683 556 887 603 virtutem
911 557 1009 605 vitae
1030 555 1294 605 insolubilis.

177 700 243 740 ¹7·
271 677 559 727 Contestatur
581 679 699 727 enim
723 701 732 725 ε
756 679 987 742 Quoniam
1007 688 1053 725 tu
1074 697 1120 726 es
1141 678 1347 727 sacerdos
1375 679 1421 726 in

114 763 345 812 aeternum,
369 754 613 802 secundum
633 754 835 801 ordinem
864 753 1211 802 Melchisedech.

175 831 240 874 18.
273 827 551 886 Reprobatio
589 827 766 886 quidem
805 829 852 875 fit
883 827 1168 886 praecedentis
1200 827 1420 882 mandati,

118 913 302 962 propter
321 902 626 949 infirmitatem
649 903 744 960 ejus
765 912 806 949 et
823 902 1106 949 inutilitatem
1128 923 1138 948 ι

177 1038 243 1080 ¹9·
273 1016 394 1064 Nihil
425 1014 545 1063 enim
579 1017 636 1064 ad
669 1017 912 1076 perfectum
951 1017 1132 1063 adduxit
1157 1017 1247 1072 lex3
1281 1015 1424 1065 intro-

119 1090 269 1137 ductio
301 1094 406 1138 vero
428 1090 626 1138 melioris
647 1091 764 1149 spei,
787 1109 862 1149 per
880 1107 1014 1150 quam
1042 1091 1344 1150 proximamus
1368 1091 1425 1138 ad

123 1162 290 1209 Deum.
845 1177 855 1186 ²

286 1234 295 1250 Χ

173 1421 242 1447 20.
284 1399 342 1446 Et
369 1402 584 1458 quantum
617 1408 709 1454 est,
741 1416 832 1445 non
879 1398 974 1445 sine
1006 1398 1294 1457 jurejurando
1325 1397 1427 1454 (alii

115 1473 295 1531 quidem
325 1474 420 1522 sine
439 1472 730 1532 jurejurando
748 1471 997 1520 sacerdotes
1020 1471 1124 1519 facti
1151 1480 1254 1520 sunt
1275 1494 1285 1527 ;

176 1630 244 1658 21.
262 1609 350 1658 Hic
375 1621 523 1659 autem
560 1629 662 1658 cum
687 1612 987 1671 jurejurando,
1007 1629 1087 1671 per
1103 1629 1205 1659 eum
1227 1611 1428 1671 quidixit

119 1683 175 1729 ad
193 1683 322 1731 illum
347 1707 356 1730 :
378 1685 551 1732 Juravit
571 1686 798 1734 Dominus
814 1697 857 1733 et
876 1704 966 1733 non
985 1684 1210 1744 poenitebit
1225 1703 1327 1733 eum
1347 1708 1357 1734 ε
1379 1697 1429 1734 tu

118 1775 163 1805 es
193 1759 397 1807 sacerdos
425 1760 471 1806 in
494 1764 763 1815 aeternum);

177 1900 242 1929 22.
259 1882 313 1928 In
331 1889 500 1931 tantum
516 1885 712 1932 melioris
732 1884 980 1932 testamenti
997 1901 1186 1943 sponsor
1203 1893 1267 1933 est
1282 1883 1428 1932 Jesus.

104 2082 106 2085 ι
179 2026 248 2071 23.
270 2024 324 2071 Et
343 2024 415 2071 atii
435 2025 617 2083 quidem
639 2026 787 2085 plures
806 2026 908 2074 facti
933 2037 1035 2074 sunt
1056 2027 1329 2086 sacerdotes,
1353 2026 1428 2074 id-

115 2096 240 2145 circo
258 2100 377 2156 quod
400 2109 540 2146 morte
563 2099 902 2159 prohiberentur
919 2117 1195 2160 permanere.
1256 2106 1259 2109 ’

181 2246 250 2299 24.
287 2241 377 2288 Hic
405 2252 551 2290 autem
579 2246 631 2289 eo
652 2244 771 2301 quod
790 2254 965 2291 maneat
982 2243 1028 2290 in
1047 2253 1258 2292 aeternum
1277 2279 1286 2300 ‚
1308 2259 1429 2290 sem-

129 2314 351 2375 piternum
374 2316 505 2362 habet
523 2317 833 2364 sacerdotium.

181 2409 250 2452 25.
270 2405 404 2454 Unde
425 2415 465 2469 et
486 2406 653 2461 salvare
672 2407 714 2455 in
733 2419 996 2468 perpetuum
1013 2419 1155 2470 potest
1174 2409 1430 2459 accedentes
