1474 2658
114 71 202 116 360
439 84 574 114 πωπω(
594 58 751 114 mania
780 84 838 124 ετ,
866 83 1139 118 vannorum.

117 148 158 181 ln
183 144 255 180 hoc
289 135 446 180 homine
478 141 587 190 quasi
619 142 795 219 duplici,
815 144 890 181 duo
905 128 1147 194 suntageniti
1177 145 1382 196 principia.
1408 151 1442 186 1.

170 205 252 238 1¹70.

115 262 206 295 Duae
227 257 460 305 leges.1bid.

115 317 212 353 Hinc
238 317 278 352 in
298 317 406 353 nobis
423 319 608 364 perpetua
625 327 770 364 pugna.
791 317 895 355 Ibid.

115 376 212 412 Hinc
231 376 340 412 nobis
356 377 606 424 vigilandum,
620 377 882 423 pugnandum,
903 377 1147 415 vincendum.
1166 377 1264 416 Ibid.·
1310 391 1312 394 ’

116 438 221 471 Hanc
238 435 362 489 earnis
381 438 420 471 et
437 433 595 482 spiritus
612 435 753 470 luctam
773 446 852 471 non
871 435 1043 472 sentiunt
1067 436 1261 485 carnales,
1289 435 1359 486 qui
1377 447 1442 475 se-

106 509 109 512 >
167 493 336 528 cundum
362 503 518 528 carnem
536 491 684 528 vivunt.
706 492 800 527 lbid.

115 549 299 586 sentiunt
325 553 449 584 autem
464 548 680 596 spirituales
699 553 736 584 et
749 549 838 586 vere
856 550 1078 587 Christiani.
1093 550 1190 588 Ibid.

119 607 193 642 Ille
210 606 298 642 vere
318 606 552 642 Christianus
566 633 577 652 ,
598 605 664 652 qui
682 606 820 642 Christi
837 608 1012 654 spiritum
1033 609 1160 646 habet.
1178 611 1209 646 1.
1233 607 1318 646 188.

121 660 194 707 Qui
213 661 352 697 Christi
372 661 547 708 spiritum
565 672 644 697 nou
662 661 796 708 habet,
820 663 1059 700 Christianus
1071 675 1151 701 non
1167 667 1235 702 est.
1251 665 1313 701 lb.

123 719 286 754 Attende
311 731 399 755 num
423 719 580 756 habeas.
601 719 635 756 I.
662 724 744 756 189.
1295 760 1300 763 ,

120 774 356 811 Christianus
382 776 500 812 haeres
525 775 595 811 Dei
614 775 692 812 vivi
710 803 720 821 ,
742 776 908 812 cohaeres
931 777 1000 813 Dei
1018 775 1184 822 mortui3
1209 774 1440 824 quidinde?

177 836 206 868 Ι.
228 837 310 870 194.

119 894 317 928 Peccatum
334 896 371 928 et
388 892 699 940 concupiscentia
718 892 758 928 in
773 892 985 928 Christiano
1009 893 1142 929 mortis
1159 893 1281 940 origo.
1294 897 1324 929 1.
1347 896 1436 934 189,

122 948 285 997 Spiritus
311 954 461 985 sanctus
486 950 524 985 in
544 949 755 985 Christiano
782 949 870 985 vitae
893 949 1138 996 principium.
1166 950 1200 986 Ι.
1225 954 1308 987 190.

121 1003 218 1039 Hinc
238 1015 280 1050 ex
299 1005 372 1040 unxi
393 1009 500 1052 parte
521 1004 730 1040 timendum
744 1031 754 1050 ‚
774 1005 863 1052 quia
890 1016 988 1041 mors
1010 1005 1051 1041 in
1070 1005 1194 1042 medio
1221 1004 1363 1051 nostri;
1392 1017 1440 1043 ex

170 1065 286 1101 altera
303 1066 569 1112 gaudendum,
596 1065 687 1113 quia
712 1066 789 1102 vita
812 1066 849 1101 in
870 1066 991 1103 nohis.
1013 1070 1044 1103 1.
1068 1069 1150 1103 189.

124 1123 287 1171 Spiritus
310 1129 459 1174 sanctus
479 1135 581 1160 nunc
600 1124 678 1160 vita
698 1123 1013 1172 spiritus-nostri,
1035 1124 1108 1160 erit
1124 1127 1161 1160 et
1176 1123 1253 1161 vita
1267 1123 1439 1171 corporis

171 1182 306 1227 nostri,
323 1183 426 1229 quod
440 1181 648 1228 suscitabit,
665 1185 703 1218 et
719 1193 762 1218 ex
777 1182 927 1218 mortali
941 1182 1074 1218 reddet
1091 1180 1316 1218 immortale.
1334 1181 1434 1218 thid.

171 1237 265 1274 vide
291 1238 551 1274 Resurrectio.
1412 1253 1415 1255 ·

120 1293 354 1329 Christianus
373 1295 581 1330 secundum
599 1295 806 1343 spiritum,
820 1305 899 1330 non
915 1291 1125 1330 secundum
1141 1302 1294 1329 carnem
1317 1292 1434 1329 debet

172 1350 314 1387 vivere.
336 1355 364 1387 1.
391 1356 494 1389 190st

120 1406 284 1453 Spiritus
301 1408 369 1443 Dei
388 1406 431 1442 fit
459 1407 498 1442 in
516 1409 623 1444 nobis
641 1409 778 1455 agendi
796 1407 1046 1456 principium.
1070 1409 1169 1445 thid.
1191 1411 1273 1444 191.

123 1463 194 1509 Qui
218 1463 360 1511 Spiritu
388 1465 457 1500 Dei
483 1465 618 1502 vivunt
643 1470 680 1502 et
707 1469 891 1513 aguntur,
920 1465 959 1499 hi
983 1464 1054 1500 filii
1083 1468 1121 1501 et
1148 1464 1316 1500 haeredes
1343 1463 1431 1501 Dei.

166 1519 268 1559 'Ibid.
1394 1532 1408 1551 ⁸

119 1584 196 1616 Hoc
217 1591 306 1627 ergo
330 1579 462 1627 spiritu
482 1580 602 1628 vivat,
635 1583 720 1627 agat
742 1583 780 1616 et
809 1582 942 1626 agatur
968 1577 1223 1626 Christianus,
1254 1576 1356 1614 filius
1374 1582 1431 1615 ·et

171 1637 287 1673 haeres
305 1638 386 1674 Dei.
409 1639 503 1674 thid.

117 1693 300 1780 Vitatvere
319 1695 536 1779 {grastianffi
554 1695 630 1732 vita
648 1694 813 1732 filiorum
826 1694 894 1731 Dei
908 1697 964 1731 est
981 1694 1108 1731 vivere
1119 1692 1329 1731 secundhm
1344 1691 1434 1750 spi-

170 1755 201 1779 11
225 1756 286 1780 um
370 1757 380 1779 l

120 1802 267 1848 Duplex
287 1802 490 1837 Christiani
508 1802 609 1839 vita:
632 1803 707 1840 vita
727 1801 870 1849 gratiae,
890 1801 966 1839 vita
982 1800 1133 1863 glpriae3
1152 1800 1229 1839 vita
1246 1811 1426 1850 praesens,

172 1856 248 1892 vita
269 1857 406 1892 sutura
428 1860 567 1893 1.189.

116 1914 327 1951 Christiano
344 1915 418 1951 duo
441 1915 677 1951 necessaria
669 1944 677 1951 .
698 1915 860 1963 primum
881 1918 923 1950 ut
936 1914 1143 1951 secundum
1162 1913 1425 1962 DeiSpiritum
1472 1923 1474 1925 ’

164 1972 288 2016 vivat3
323 1973 554 2020 secundum,
584 1976 626 2008 ut
645 1973 809 2020 patiatur
828 1973 1034 2008 secundum
1060 1971 1199 2007 Christi
1224 1971 1422 2018 Spiritum.

161 2030 257 2067 vide
275 2029 411 2066 Hoeres
434 2029 511 2067 Dei
523 2058 534 2078 ,
557 2030 738 2067 Coliceres
763 2030 930 2075 Christi,
949 2028 1215 2077 Justificaeus.
1232 2032 1259 2064 1.
1286 2032 1374 2066 191.

112 2086 313 2123 Christiani
333 2091 422 2123 sunt
434 2099 518 2124 vasa
537 2087 669 2123 domas
687 2088 778 2124 Dei:
805 2087 878 2123 alia
896 2098 1028 2131 aurea,
1053 2086 1126 2122 alia
1142 2089 1327 2131 testacea;
1346 2086 1422 2123 alia

161 2142 380 2178 honorificis
394 2170 404 2187 ,
429 2143 501 2178 alia
520 2144 659 2180 vilibus
679 2144 860 2190 deputata
877 2142 1108 2179 ministeriis.
1124 2144 1172 2190 V.¹
1190 2145 1277 2180 262.
1325 2138 1327 2141 ⁸

110 2198 229 2244 Hujus
252 2198 512 2234 similitudinis
537 2200 620 2236 duae
639 2199 981 2237 dissimilitudines,
1002 2197 1104 2236 lbid.

106 2255 280 2302 Dignitas
299 2255 502 2292 christiana
517 2256 631 2304 quae?
653 2260 698 2294 11.
727 2262 785 2295 17.
809 2261 870 2293 32.

104 2313 158 2350 Ad
176 2313 269 2361 quid
290 2313 546 2352 Christianum
575 2314 747 2363 obligat?
767 2314 862 2351 Ibid.
