1442 2664
1401 11 1423 26 A

136 114 181 142 Vl
504 117 506 119 >
522 110 531 114 ·
657 102 890 137 PRAEFATm.
1332 150 1334 152 v

135 171 226 219 tim
253 169 306 216 in
332 163 576 225 Romana,
611 152 907 211 dubitatum
933 158 1140 227 quidem'
1162 157 1261 210 fuit
1284 168 1336 210 et
1359 160 1424 214 de

136 250 429 302 auctoritate
474 256 525 296 et
578 245 641 296 de
694 255 902 296 auctore
940 246 1096 311 hujus
1145 242 1388 311 Epistolae
1403 265 1419 311 3

133 337 263 386 forte
290 334 406 400 quia
430 331 663 382 Novatus
682 341 733 380 et
763 330 1040 380 Novatiani
1058 327 1116 378 ea
1134 325 1424 381 abuteban-

133 433 216 471 tur
240 419 304 468 ad
325 403 672 485 denegandam
689 415 843 482 lapsis
867 414 1245 483 poenitentiam.

198 505 447 571 Tempore
479 501 584 552 divi
618 501 924 571 Hieronymi
959 497 1190 550 nondum
1213 499 1423 568 publice

130 589 394 656 legebatur
426 589 479 637 in
516 587 772 637 Ecclesiis.

198 673 428 723 Clemens
449 682 618 721 tamen
645 687 888 721 romanus
918 668 1184 732 Pontifex,
1209 679 1423 738 aposto-

129 755 295 805 lorum
319 739 597 822 discipulus
613 792 626 817 ,
665 772 776 804 eam
807 763 863 802 ut
890 753 1190 803 canonicam
1211 763 1262 802 et
1281 754 1422 816 Paur

130 839 284 888 linam
309 840 555 889 citaverat
573 839 600 886 a
619 838 797 906 primis
817 836 1058 888 Ecclesiae
1077 837 1417 905 temporibus,

46 962 50 966 .
130 925 184 971 in
205 922 292 972 sua
312 921 375 971 ad
395 922 515 972 Cor.
539 914 709 988 epist„
733 919 955 972 Eusebio
973 931 1120 986 teste,
1146 921 1266 970 hist.
1289 920 1418 975 eccl.

128 1006 220 1056 lib.
245 1008 273 1056 3
291 1044 303 1068 ,
327 1026 439 1074 cap.
477 1007 559 1057 38.

195 1090 445 1157 Praecipui
464 1091 637 1140 Patres
658 1090 830 1152 latini,
860 1092 967 1139 sive
989 1089 1112 1140 ‹livo
1147 1090 1422 1161 Hierony·-

128 1193 212 1226 mo
245 1176 468 1242 priores,
504 1174 750 1236 Hilarius,
793 1175 1031 1242 Optatus,
1053 1174 1418 1239 *Ambrosiu83

125 1260 236 1308 sive
260 1259 527 1321 coaetanei,
554 1268 610 1307 ut
629 1258 778 1309 clivus
799 1260 1146 1325 Augustinus,
1176 1259 1284 1307 sive
1303 1275 1424 1326 pos-

129 1344 370 1405 teriores,
401 1356 513 1392 eam
543 1343 929 1393 ut²canonicam
951 1351 1001 1391 et
1033 1339 1301 1391 Paulinam
1323 1359 1419 1411 ag-

130 1436 407 1477 noverunt.

194 1511 304 1561 Imo
333 1520 382 1560 et
404 1512 510 1578 ipse
529 1510 678 1562 divus
701 1511 1075 1581 Hieronymus,
1102 1510 1332 1580 Epistola
1350 1509 1421 1563 ad

127 1595 442 1646 Dardanum.
461 1597 588 1646 'Nos
622 1606 890 1663 utramque
919 1598 1224 1665 suscipimus
1264 1592 1421 1667 (Elai-

131 1678 310 1729 stolam
342 1679 532 1730 scilicet
570 1679 633 1730 ad
655 1681 921 1732 .Hebraeos
958 1691 1009 1731 et
1040 1681 1438 1753 Ap'ocalypsim'ss

129 1762 159 1811 J
164 1764 339 1813 oannis
354 1763 372 1830 )
389 1800 401 1825 ,
426 1781 744 1831 nequaquam
761 1766 850 1832 huj
861 1784 916 1816 us
940 1767 1185 1834 temporis
1204 1783 1424 1818 consue·

131 1845 361 1897 tudinem
378 1885 391 1910 ,
419 1847 506 1898 sed
533 1859 763 1900 veterum
795 1852 1105 1919 scriptorum
1133 1851 1422 1904 auctorita*-¹

131 1941 231 1980 tem
252 1944 535 1999 sequentes.

198 2015 277 2065 Ex
307 2017 678 2083 antiquioribus
711 2020 907 2071 Latinis
937 2023 1116 2090 excipe
1137 2021 1422 2074 Tertullia-

133 2116 256 2148 num
275 2136 287 2160 ,
309 2102 395 2166 qui
415 2102 548 2152 hanc
565 2101 845 2170 Epistolam
867 2106 1102 2158 attribuit
1126 2108 1194 2158 D.
1220 2108 1436 2159 Barna-⁴

131 2180 238 2244 bae3
263 2183 329 2231 D.
361 2185 677 2254 Cyprianum
693 2225 707 2251 ,
742 2192 828 2256 qui
848 2195 961 2243 eam
993 2192 1188 2244 nullibi'
1210 2194 1338 2245 citat
1361 2195 1421 2245 in·

135 2265 388 2332 Operibus
403 2272 538 2320 suis.

195 2349 384 2420 Excipe
406 2365 454 2404 et
473 2356 651 2406 Caium
666 2395 679 2420 ,
702 2359 939 2412 Ecclesiae
959 2380 1183 2415 romanae
1195 2362 1417 2436 presby-

131 2442 320 2499 terum,
348 2439 445 2505 qui
463 2439 608 2492 initio
627 2445 762 2494 tertii
779 2446 975 2511 saeculi,
990 2448 1089 2499 sub
1107 2449 1417 2522 Zephyrino
