1430 2658
116 57 199 125 264
459 83 465 94 .-
496 67 721 106 ενιεςποω
753 62 813 97 λυ
840 66 1049 110 assuas-os
1060 102 1077 129 ÷
1246 92 1249 93 γ

170 123 280 176 Circa
302 146 413 186 quam
442 120 652 176 notandum
681 127 782 185 quod
806 129 872 171 ubi
898 123 1151 191 septuaginta
1157 132 1414 190 interpretes

113 213 207 251 quos
226 204 376 240 secutus
395 204 452 239 est
472 195 525 239 D.
542 193 702 244 Paulus,
725 209 775 236 ex
794 192 967 236 Hebraeo
986 197 1206 261 verterunt:
1226 199 1416 251 Adur-emt

93 263 333 317 sustbgimtm
355 276 422 304 seu
442 262 699 303 summitatem
720 260 841 312 virgoe
859 258 970 312 qus,-
999 254 1051 301 D.
1074 244 1340 320 Hieronymus
1360 282 1414 312 ex

109 329 247 371 eodem
268 326 442 371 Hebraeo
461 329 605 369 vertit:
626 326 676 367 Et
695 326 870 366 adoravit
887 324 943 364 ml
958 325 1089 365 lectuli
1107 331 1310 382 cap11t.'

167 393 294 448 Hujus
317 402 442 436 autem
466 393 691 435 diversitatis
711 393 805 432 ratio
832 397 886 432 est
910 390 1013 445 quos]
1035 391 1138 433 idem
1159 391 1303 439 nomen
1326 395 1410 442 he·-

106 461 278 511 braeum,
303 461 451 501 mutatis
471 459 641 512 punctis,
662 457 844 511 significat
863 455 979 496 modo
1002 455 1162 510 lectum,
1186 457 1305 500 moda
1325 464 1411 504 vir..

103 525 509 580 gan13mattew'rga,
538 523 643 562 mitta
663 521 797 561 lectas.

163 581 284 628 Juxta
308 584 358 628 D.
383 584 558 640 Hieron)
565 598 667 624 mum
686 597 819 624 sensus
848 589 929 637 est,
954 582 1123 624 adoravit
1142 581 1256 629 Israel
1278 585 1410 631 Deum

105 670 310 698 conversus
329 654 377 695 ad
393 653 515 695 lectuli
541 658 664 707 caput.
1231 663 1236 669 ·

161 718 280 762 Forte
305 721 391 772 quia
414 717 606 772 spectabat
637 719 767 757 versus
794 717 1003 766 orientem,
1038 716 1085 758 ad
1112 731 1228 773 quem
1251 718 1342 765 oiim
1363 735 1408 763 se

103 801 130 825 v
134 786 302 827 ertebant
324 783 507 825 adoraturi
525 779 666 823 Deum.

162 848 284 892 Datur
309 856 346 891 et
375 849 444 889 aiia
473 848 673 901 explicatio
699 849 738 887 in
765 844 900 888 Graeco
926 846 1112 888 hodierno
1139 847 1305 893 fundata.
1334 849 1407 896 Gr.

101 915 273 957 adoravit
289 926 401 967 super
418 916 672 955 summitatem
694 915 808 966 virgae
825 929 914 955 suae.
936 911 1023 968 Syr.
1041 920 1079 954 et
1103 913 1273 957 adoravit
1293 932 1407 970 super

101 981 287 1035 fastigium
305 982 420 1034 virgae
435 982 541 1032 ejus,
555 980 593 1020 id
608 985 688 1030 est,
705 980 904 1033 inquiunt,
925 976 1050 1018 Jacob
1065 977 1236 1020 adoravit
1251 977 1401 1034 Deum,

99 1049 252 1089 innixus
269 1046 401 1102 baculo
417 1059 502 1095 suo)
848 1077 851 1081 ,

157 1109 200 1149 Α’
205 1123 324 1155 υτου,
346 1112 486 1152 variato
503 1111 631 1163 spiritu
655 1107 838 1162 significat
859 1113 895 1147 et
917 1121 998 1147 suoe
1019 1113 1057 1147 et
1074 1106 1173 1166 ejus.

158 1175 307 1227 Jacob,
330 1178 526 1231 inquiunt,
551 1188 682 1247 preces
703 1172 865 1214 tacturus
882 1174 1043 1212 surrexit
1057 1175 1082 1213 ὲ
1102 1171 1224 1226 lecto,
1248 1167 1402 1216 Deum-

101 1256 174 1296 que
193 1255 302 1295 super
325 1239 497 1283 baculum
519 1252 627 1280 suum
645 1239 798 1278 innixus
817 1235 1002 1277 adoravit.

158 1302 303 1346 Genes.
323 1304 393 1359 49,
417 1302 470 1354 fi.
491 1300 560 1351 32,
582 1301 714 1342 dicitur
733 1299 834 1355 quod
853 1299 970 1354 pedes
988 1313 1075 1340 suos
1093 1298 1285 1340 retulerit
1275 1314 1313 1340 m
1331 1300 1402 1342 lec-

97 1377 179 1411 tum
200 1387 209 1412 :
229 1376 438 1412 surrexerat
459 1383 568 1423 ergo,
592 1374 653 1410 aut
679 1367 810 1408 saltem
837 1369 874 1407 in
902 1365 1036 1408 tectulo
1059 1365 1306 1416 consederat,
1332 1367 1403 1408 in·-

100 1439 244 1491 quiunt.

156 1497 207 1541 Et
231 1500 305 1541 hoc
329 1506 448 1542 totum
466 1494 735 1552 potest'stare,
755 1497 805 1536 ait
824 1492 875 1535 D.
894 1491 1088 1543 Thomas,
1117 1495 1200 1547 quia
1222 1495 1303 1548 ipse
1321 1502 1402 1537 erat

97 1578 240 1615 senex,
268 1571 307 1605 et
336 1564 423 1605 ideo
455 1564 627 1617 portabat
653 1564 820 1614 virgam,
851 1557 913 1599 vel
938 1559 1079 1612 recepit
1099 1565 1288 1630 sceptrum
1314 1554 1400 1598 Jo-

96 1626 213 1679 seph,
233 1635 326 1679 etc,
347 1633 382 1668 et
403 1627 570 1667 adoravit
596 1623 723 1666 Deum
739 1622 1070 1677 superjustigz‘um
1090 1622 1210 1674 virgae
1227 1619 1334 1674 ejus,·
1349 1635 1402 1663 ex

97 1694 399 1735 consideratione
418 1695 611 1746 potestatis
632 1691 771 1732 Christi
787 1704 897 1745 quarn
915 1695 1079 1744 potestas
1092 1685 1161 1728 Jo
1147 1687 1244 1744 seph
1262 1686 1399 1744 praeli-

99 1758 268 1810 gur-,ahai

158 1813 204 1862 Ῠ.
218 1838 282 1862 22.
298 1819 547 1871 deeJoseph
561 1834 737 1859 monens
749 1814 818 1858 Gr.
830 1818 980 1866 finiens,
997 1817 1044 1857 de
1059 1800 1329 1870 egressione,e
1307 1821 1377 1857 etc.
1371 1846 1397 1866 .,

98 1884 138 1925 id
156 1891 239 1934 est,
267 1883 417 1940 Joseph
449 1887 563 1924 vitam
587 1883 751 1931 finiens,
780 1881 937 1922 credidit
963 1881 1200 1934 promissioni
1228 1879 1397 1928 divinae,

97 1951 263 2004 patribus
277 1952 353 1990 suis
370 1949 500 1996 tactae,
519 1956 553 1989 et
575 1954 658 2002 post
677 1952 830 1987 centum
845 1944 1084 1998 quadraginta
1104 1951 1260 1998 quatuor
1276 1956 1400 1984 annos

94 2020 116 2056 a
136 2024 256 2058 morte
271 2016 337 2057 sua
354 2014 614 2070 complendae,
638 2021 673 2055 et
689 2016 727 2054 in
745 2012 816 2054 hac
832 2012 910 2053 fide
926 2013 1098 2052 meminit
1117 2011 1164 2052 de
1180 2011 1283 2052 exitu
1299 2009 1399 2051 fitio-

95 2097 178 2123 rum
196 2080 326 2124 Israel.

154 2146 206 2186 Et
226 2147 272 2185 de
290 2147 436 2186 ossibus
453 2144 532 2185 suis
554 2127 770 2194 mandastt,
797 2142 835 2184 id
856 2149 939 2194 est,
961 2149 999 2183 et
1020 2142 1068 2183 de
1088 2140 1165 2198 hoc
1182 2140 1289 2194 exitu
1305 2154 1399 2182 cer-

96 2215 183 2260 tus,
205 2208 384 2261 adjuravit
412 2207 540 2248 siatres
559 2222 647 2250 suos
674 2215 712 2249 ut
734 2221 818 2248 ossa
841 2221 906 2247 sua
931 2219 1062 2262 secum
1088 2196 1333 2276 transferrent
1355 2202 1398 2266 in

92 2281 230 2316 terram
250 2276 485 2330 promissam.

151 2329 198 2380 fi.
220 2339 286 2379 23.
307 2338 402 2377 Fide
424 2337 744 2390 Μομεεηαίιιε...
762 2334 851 2393 Syr.
870 2351 936 2390 per
952 2334 1069 2376 fidem
1085 2321 1262 2410 parentes
1274 2327 1402 2385 Moy-

73 2402 168 2452 sis,
192 2407 280 2454 etc„
306 2400 344 2442 id
368 2407 450 2452 est,
480 2409 686 2456 parentes
677 2400 775 2456 Moy
778 2404 827 2442 sis
850 2401 925 2442 side
947 2388 1144 2473 instructiss¹
1159 2409 1259 2446 seu,
1283 2401 1326 2471 ut
1348 2397 1408 2436 ait
