1474 2658
118 68 204 115 368
370 52 377 58 ’
406 79 731 114 mmzx‘nssnuu
758 81 814 114 m
841 52 1122 118 vannomm:
1151 70 1156 74 ’

466 165 683 200 PERICULA
707 139 1079 203 commmunia

116 251 235 288 Divisi
246 255 334 288 sunt
348 251 555 301 conjugati.
587 276 592 282 ·

114 306 266 344 Christo
283 308 453 345 serviunt
471 310 520 346 ad
536 310 715 355 salutem,
737 311 876 346 mundo
901 311 949 347 ob
971 321 1144 368 uxorem,
1164 311 1214 348 ob
1230 312 1421 350 maritum.

113 367 325 404 Periculosa
339 372 465 405 autem
482 369 548 405 illa
563 368 719 414 divisio,
738 370 804 406 ubi
822 374 899 408 Deo
914 382 1000 419 pars
1014 364 1169 408 minima
1185 381 1284 420 saepe
1297 371 1420 418 datur,

161 427 304 462 mundo
322 437 408 474 pars
424 428 561 475 potior.

111 483 272 520 Facilius
289 487 345 521 est
357 488 435 522 Deo
454 488 574 522 totum
593 495 658 521 cor
676 485 862 531 tribuere,
883 486 994 534 quam
1007 486 1108 535 juste
1125 486 1222 524 illud
1235 487 1418 526 dividere.

163 539 327 579 II.169.

609 603 921 638 CONSCIENTIA.

109 692 361 732 Conscientia
379 698 502 732 nostra
514 722 523 740 ,
540 699 658 740 Deus,
682 706 749 732 seu
765 695 884 732 instar
900 698 938 732 et
951 694 1034 732 vice
1048 694 1129 733 Dei.
1148 694 1182 732 1.
1205 697 1266 732 46⁴.

105 755 208 788 Deus
222 751 260 787 in
280 753 392 788 corde
407 748 535 789 nostro
556 752 721 788 tribunal
742 753 872 789 erexit.
892 752 927 790 Ι.
945 755 1006 790 45.

104 806 153 844 In
171 805 245 844 hoe
264 808 444 844 tribunali
462 808 557 844 ratio
576 809 690 855 judex
708 812 783 853 est,
804 810 1037 846 conscientia
1056 812 1174 845 actor.
1195 808 1229 846 Ι.
1248 810 1308 847 ⁴5.
1323 811 1389 847 46.
1407 843 1415 850 ,

104 864 364 913 Conscientiae.
371 866 556 914 judicium
572 866 644 902 erit
657 867 762 913 quasi
783 868 911 915 regula
924 866 1060 914 judicii
1073 866 1208 904 divini.
1228 866 1262 904 Ι.
1278 869 1340 904 46.

103 923 172 959 Hic
186 923 438 971 itaquejudex
457 935 555 971 saepe
575 925 842 961 consulendus.
863 925 964 968 Ibid.

103 979 343 1015 Conscientia
356 980 498 1027 primus
513 983 568 1014 est
579 979 737 1015 casuista
751 984 892 1017 noster.
906 979 940 1016 Ι.
956 982 1040 1017 371.
1054 977 1237 1015 Omnibus
1247 977 1418 1016 doctori·

153 1036 224 1072 bus
241 1037 509 1085 praeferendus.
530 1035 632 1074 Ibid.

102 1092 245 1130 Contra
260 1095 530 1132 conscientiam
550 1106 679 1142 agere,
699 1099 897 1142 peccatum
912 1100 980 1132 est.
1002 1096 1104 1133 Ibid.

102 1153 211 1198 Quod
227 1153 320 1190 licet
338 1153 377 1190 in
396 1165 455 1200 se,
471 1164 539 1202 per
556 1153 732 1189 accidens
747 1165 822 1190 non
841 1153 950 1199 licet,
977 1155 1026 1191 ob
1043 1152 1299 1201 ignorantiam
1312 1157 1351 1191 ct
1368 1152 1415 1191 ob

152 1211 425 1248 conscientiam
446 1223 656 1249 erroneam.
673 1210 707 1248 I.
731 1216 815 1250 367.
1306 1222 1312 1228 ·

608 1305 903 1339 CONSOLATIO.

98 1397 199 1432 Deus
220 1394 504 1430 consolationis,
529 1394 680 1440 Quare?
698 1395 730 1432 I.
755 1399 840 1433 384.

402 1479 681 1514 CONSTANTIA
696 1504 706 1524 ,
734 1478 1112 1512 PERSEVERANTIA.

101 1555 360 1595 Constantiam
372 1558 411 1594 in
420 1557 494 1594 fide
508 1561 545 1594 et
556 1557 740 1593 charitate
751 1556 896 1592 duabus
907 1553 1222 1592 similitudinibus
1234 1553 1415 1602 exprimit

150 1617 363 1663 Apostolus,
377 1616 519 1652 arboris
538 1615 685 1651 scilicet
696 1613 840 1650 radices
850 1613 889 1650 in
901 1614 1018 1650 altum
1030 1611 1177 1660 agentis
1186 1637 1197 1657 ,
1209 1614 1249 1648 et
1259 1609 1412 1649 aedificii

150 1673 250 1711 bene
265 1672 426 1710 fundati.
446 1672 520 1712 IV.
541 1677 601 1710 85.

626 1737 898 1770 CONTENTIO.

98 1814 249 1852 Invidia
265 1815 547 1852 contentionem
566 1816 685 1862 parit,
701 1814 900 1851 contentio
919 1813 1156 1851 divisionem.
1178 1811 1233 1848 ΙΙ.
1255 1814 1291 1848 6:
1351 1815 1412 1849 136.

98 1874 207 1910 zelus
223 1877 330 1921 pater
347 1873 603 1909 contentionis
616 1900 626 1918 ,
649 1873 844 1908 contentio
863 1875 982 1908 mater
997 1870 1255 1906 dissidiorum.
1277 1868 1336 1905 Ib.

99 1927 376 1965 Contentiones
394 1933 438 1965 D.
461 1929 594 1965 Paulus
612 1929 711 1965 inter
729 1939 843 1979 opera
862 1927 986 1964 carnis
999 1930 1208 1964 enumerat.

99 1987 195 2024 Hinc
211 1988 321 2024 multi
339 1986 544 2024 Christiani
563 1991 651 2024 sunt
669 1988 849 2023 carnales.
872 1985 973 2022 lbid‚
1207 1995 1212 1998 ·

597 2070 911 2106 CONTINENTIA.

99 2155 130 2187 A
147 2150 326 2198 conjugio
344 2161 489 2199 semper
506 2150 769 2199 abstinuerunt
782 2147 1018 2194 sacerdotes,
1038 2144 1152 2182 etiam
1168 2141 1328 2181 uxorati.
1347 2139 1404 2182 V.

102 2212 359 2302 Cuffissdraecis
378 2264 566 2301 indultum
579 2291 589 2310 ,
611 2263 676 2300 ubi
693 2252 729 2300 et
750 2260 930 2311 quando?
947 2260 1050 2299 lbid.

604 2356 926 2389 CONVERSATIO.

101 2438 269 2478 Comiter
287 2442 324 2477 et
340 2439 549 2488 prudenter
564 2440 808 2487 loquendum.
831 2438 1015 2489 lV-.,.383·
