<?xml version="1.0" encoding="UTF-8"?>
<!DOCTYPE html PUBLIC "-//W3C//DTD XHTML 1.0 Transitional//EN"
    "http://www.w3.org/TR/xhtml1/DTD/xhtml1-transitional.dtd">
<html xmlns="http://www.w3.org/1999/xhtml" xml:lang="en" lang="en">
 <head>
  <title>
</title>
<meta http-equiv="Content-Type" content="text/html;charset=utf-8" />
  <meta name='ocr-system' content='tesseract 3.04.00' />
  <meta name='ocr-capabilities' content='ocr_page ocr_carea ocr_par ocr_line ocrx_word'/>
</head>
<body>
  <div class='ocr_page' id='page_1' title='image "./epistolaumbpauli06picq_0212.png"; bbox 0 0 1430 2658; ppageno 0'>
   <div class='ocr_carea' id='block_1_1' title="bbox 37 88 1427 930">
    <p class='ocr_par' dir='ltr' id='par_1_1' title="bbox 37 88 1084 154">
     <span class='ocr_line' id='line_1_1' title="bbox 37 88 1011 154; baseline -0.004 -21"><span class='ocrx_word' id='word_1_1' title='bbox 37 108 41 113; x_wconf 51' lang='grc'><strong>«</strong></span> <span class='ocrx_word' id='word_1_2' title='bbox 82 91 168 154; x_wconf 66' lang='grc'>,96</span> <span class='ocrx_word' id='word_1_3' title='bbox 443 93 682 148; x_wconf 61' lang='lat' dir='ltr'>&lt;anismam</span> <span class='ocrx_word' id='word_1_4' title='bbox 709 88 770 129; x_wconf 69' lang='lat' dir='ltr'>ab</span> <span class='ocrx_word' id='word_1_5' title='bbox 804 98 1011 130; x_wconf 68' lang='lat' dir='ltr'>nummos</span> 
     </span>
    </p>

    <p class='ocr_par' dir='ltr' id='par_1_2' title="bbox 84 157 1410 481">
     <span class='ocr_line' id='line_1_2' title="bbox 127 157 1398 218; baseline -0.003 -9"><span class='ocrx_word' id='word_1_6' title='bbox 127 165 251 210; x_wconf 81' lang='lat' dir='ltr'>-Hinc</span> <span class='ocrx_word' id='word_1_7' title='bbox 270 165 420 218; x_wconf 82' lang='lat' dir='ltr'>sanguis</span> <span class='ocrx_word' id='word_1_8' title='bbox 446 160 654 204; x_wconf 76' lang='lat' dir='ltr'>sanctifioet</span> <span class='ocrx_word' id='word_1_9' title='bbox 676 157 889 202; x_wconf 71' lang='lat' dir='ltr'>Ecclesiam</span> <span class='ocrx_word' id='word_1_10' title='bbox 914 158 1398 212; x_wconf 59' lang='lat' dir='ltr'>militantemaitmumiam</span> 
     </span>
     <span class='ocr_line' id='line_1_3' title="bbox 86 225 1410 285; baseline -0.004 -8"><span class='ocrx_word' id='word_1_11' title='bbox 86 251 172 277; x_wconf 80' lang='lat' dir='ltr'>eum</span> <span class='ocrx_word' id='word_1_12' title='bbox 194 235 347 274; x_wconf 71' lang='lat' dir='ltr'>lavacro</span> <span class='ocrx_word' id='word_1_13' title='bbox 365 245 503 285; x_wconf 68' lang='lat' dir='ltr'>aqum,</span> <span class='ocrx_word' id='word_1_14' title='bbox 530 236 603 270; x_wconf 78' lang='lat' dir='ltr'>etc.</span> <span class='ocrx_word' id='word_1_15' title='bbox 622 225 767 282; x_wconf 90' lang='lat' dir='ltr'>Ephes.</span> <span class='ocrx_word' id='word_1_16' title='bbox 789 226 828 268; x_wconf 90' lang='lat'>5.</span> <span class='ocrx_word' id='word_1_17' title='bbox 850 225 939 274; x_wconf 82' lang='lat'>26.;</span> <span class='ocrx_word' id='word_1_18' title='bbox 964 225 1410 273; x_wconf 34' lang='lat' dir='ltr'>sanctificstffloetestam*</span> 
     </span>
     <span class='ocr_line' id='line_1_4' title="bbox 86 290 1400 352; baseline -0.005 -10"><span class='ocrx_word' id='word_1_19' title='bbox 86 297 383 352; x_wconf 72' lang='lat' dir='ltr'>triumphantem</span> <span class='ocrx_word' id='word_1_20' title='bbox 393 327 403 345; x_wconf 83' lang='grc'>,</span> <span class='ocrx_word' id='word_1_21' title='bbox 425 295 516 336; x_wconf 88' lang='lat' dir='ltr'>dum</span> <span class='ocrx_word' id='word_1_22' title='bbox 531 307 616 335; x_wconf 87' lang='lat' dir='ltr'>earn</span> <span class='ocrx_word' id='word_1_23' title='bbox 632 295 672 335; x_wconf 93' lang='lat' dir='ltr'>in</span> <span class='ocrx_word' id='word_1_24' title='bbox 687 307 757 334; x_wconf 91' lang='lat' dir='ltr'>suo</span> <span class='ocrx_word' id='word_1_25' title='bbox 774 293 958 346; x_wconf 80' lang='lat' dir='ltr'>sanguine</span> <span class='ocrx_word' id='word_1_26' title='bbox 973 290 1400 336; x_wconf 64' lang='lat' dir='ltr'>sanctificataru&#39;chris-</span> 
     </span>
     <span class='ocr_line' id='line_1_5' title="bbox 85 353 1404 413; baseline -0.006 -6"><span class='ocrx_word' id='word_1_27' title='bbox 85 374 145 408; x_wconf 78' lang='lat' dir='ltr'>tus</span> <span class='ocrx_word' id='word_1_28' title='bbox 166 362 326 407; x_wconf 83' lang='lat' dir='ltr'>exhibet</span> <span class='ocrx_word' id='word_1_29' title='bbox 340 362 412 403; x_wconf 86' lang='lat' dir='ltr'><strong>sibi</strong></span> <span class='ocrx_word' id='word_1_30' title='bbox 430 360 632 413; x_wconf 77' lang='lat' dir='ltr'>gloriosam</span> <span class='ocrx_word' id='word_1_31' title='bbox 645 388 656 408; x_wconf 92' lang='lat'><strong>‚</strong></span> <span class='ocrx_word' id='word_1_32' title='bbox 677 372 743 399; x_wconf 87' lang='lat' dir='ltr'>seu</span> <span class='ocrx_word' id='word_1_33' title='bbox 758 389 770 408; x_wconf 88' lang='lat'>‚</span> <span class='ocrx_word' id='word_1_34' title='bbox 790 357 881 398; x_wconf 89' lang='lat' dir='ltr'>dum</span> <span class='ocrx_word' id='word_1_35' title='bbox 897 357 1032 398; x_wconf 80' lang='lat' dir='ltr'>coelurn</span> <span class='ocrx_word' id='word_1_36' title='bbox 1047 357 1167 413; x_wconf 73' lang='lat' dir='ltr'>replet</span> <span class='ocrx_word' id='word_1_37' title='bbox 1178 353 1404 402; x_wconf 42' lang='lat' dir='ltr'>*horninibus</span> 
     </span>
     <span class='ocr_line' id='line_1_6' title="bbox 84 417 1357 481; baseline -0.013 -9"><span class='ocrx_word' id='word_1_38' title='bbox 84 433 126 472; x_wconf 88' lang='lat' dir='ltr'>in</span> <span class='ocrx_word' id='word_1_39' title='bbox 143 429 220 471; x_wconf 89' lang='lat' dir='ltr'>hoc</span> <span class='ocrx_word' id='word_1_40' title='bbox 235 429 417 481; x_wconf 84' lang='lat' dir='ltr'>sanguine</span> <span class='ocrx_word' id='word_1_41' title='bbox 435 427 473 466; x_wconf 91' lang='lat' dir='ltr'>in</span> <span class='ocrx_word' id='word_1_42' title='bbox 490 430 674 464; x_wconf 86' lang='lat' dir='ltr'>aeternum</span> <span class='ocrx_word' id='word_1_43' title='bbox 695 421 951 462; x_wconf 82' lang='lat' dir='ltr'>sanctificatis.</span> <span class='ocrx_word' id='word_1_44' title='bbox 1351 417 1357 422; x_wconf 92' lang='lat'>&#39;</span> 
     </span>
    </p>

    <p class='ocr_par' dir='ltr' id='par_1_3' title="bbox 40 481 1427 865">
     <span class='ocr_line' id='line_1_7' title="bbox 142 481 1405 547; baseline -0.006 -12"><span class='ocrx_word' id='word_1_45' title='bbox 142 491 222 535; x_wconf 91' lang='lat' dir='ltr'>Sed</span> <span class='ocrx_word' id='word_1_46' title='bbox 245 505 358 547; x_wconf 84' lang='lat' dir='ltr'>quare</span> <span class='ocrx_word' id='word_1_47' title='bbox 382 489 432 530; x_wconf 88' lang='lat' dir='ltr'>de</span> <span class='ocrx_word' id='word_1_48' title='bbox 458 485 599 530; x_wconf 78' lang='lat' dir='ltr'>Christi</span> <span class='ocrx_word' id='word_1_49' title='bbox 622 485 806 527; x_wconf 80' lang='lat' dir='ltr'>sacrificio</span> <span class='ocrx_word' id='word_1_50' title='bbox 833 485 994 540; x_wconf 82' lang='lat' dir='ltr'>loquens</span> <span class='ocrx_word' id='word_1_51' title='bbox 1019 481 1236 539; x_wconf 73' lang='lat' dir='ltr'>Apostolus</span> <span class='ocrx_word' id='word_1_52' title='bbox 1253 485 1344 527; x_wconf 86' lang='lat' dir='ltr'>dicit</span> <span class='ocrx_word' id='word_1_53' title='bbox 1364 487 1405 527; x_wconf 85' lang='lat' dir='ltr'>in</span> 
     </span>
     <span class='ocr_line' id='line_1_8' title="bbox 86 547 1427 615; baseline -0.01 -14"><span class='ocrx_word' id='word_1_54' title='bbox 86 558 218 615; x_wconf 86' lang='lat' dir='ltr'>plurali</span> <span class='ocrx_word' id='word_1_55' title='bbox 233 555 488 610; x_wconf 62' lang='lat' dir='ltr'>‚melioribus</span> <span class='ocrx_word' id='word_1_56' title='bbox 508 551 678 593; x_wconf 70' lang='lat' dir='ltr'>hostiis?</span> <span class='ocrx_word' id='word_1_57' title='bbox 701 547 858 601; x_wconf 78' lang='lat' dir='ltr'>Primo,</span> <span class='ocrx_word' id='word_1_58' title='bbox 878 550 963 605; x_wconf 89' lang='lat' dir='ltr'>quia</span> <span class='ocrx_word' id='word_1_59' title='bbox 983 548 1070 592; x_wconf 71' lang='lat' dir='ltr'>licet</span> <span class='ocrx_word' id='word_1_60' title='bbox 1089 551 1200 592; x_wconf 85' lang='lat' dir='ltr'>unica</span> <span class='ocrx_word' id='word_1_61' title='bbox 1216 551 1265 591; x_wconf 77' lang='lat' dir='ltr'>ait</span> <span class='ocrx_word' id='word_1_62' title='bbox 1283 549 1427 591; x_wconf 82' lang='lat' dir='ltr'>hostia.</span> 
     </span>
     <span class='ocr_line' id='line_1_9' title="bbox 40 610 1405 673; baseline -0.008 -8"><span class='ocrx_word' id='word_1_63' title='bbox 40 646 46 655; x_wconf 37' lang='grc' dir='ltr'>ι’</span> <span class='ocrx_word' id='word_1_64' title='bbox 87 620 257 673; x_wconf 74' lang='lat' dir='ltr'>realiter,</span> <span class='ocrx_word' id='word_1_65' title='bbox 275 618 505 660; x_wconf 85' lang='lat' dir='ltr'>infinitarum</span> <span class='ocrx_word' id='word_1_66' title='bbox 524 617 701 656; x_wconf 87' lang='lat' dir='ltr'>virtutem</span> <span class='ocrx_word' id='word_1_67' title='bbox 717 616 888 655; x_wconf 87' lang='lat' dir='ltr'>continet</span> <span class='ocrx_word' id='word_1_68' title='bbox 902 643 915 665; x_wconf 90' lang='lat'><strong>‚</strong></span> <span class='ocrx_word' id='word_1_69' title='bbox 936 614 1013 655; x_wconf 78' lang='lat' dir='ltr'>imo</span> <span class='ocrx_word' id='word_1_70' title='bbox 1029 620 1196 668; x_wconf 85' lang='lat' dir='ltr'>superat.</span> <span class='ocrx_word' id='word_1_71' title='bbox 1209 610 1405 664; x_wconf 73' lang='lat' dir='ltr'>Secundo,</span> 
     </span>
     <span class='ocr_line' id='line_1_10' title="bbox 85 679 1409 746; baseline -0.007 -15"><span class='ocrx_word' id='word_1_72' title='bbox 85 685 176 746; x_wconf 67' lang='lat' dir='ltr'>‘quia</span> <span class='ocrx_word' id='word_1_73' title='bbox 207 687 290 728; x_wconf 84' lang='lat' dir='ltr'>haec</span> <span class='ocrx_word' id='word_1_74' title='bbox 320 684 453 726; x_wconf 79' lang='lat' dir='ltr'>eadem</span> <span class='ocrx_word' id='word_1_75' title='bbox 489 681 612 723; x_wconf 85' lang='lat' dir='ltr'>hostia</span> <span class='ocrx_word' id='word_1_76' title='bbox 644 679 925 731; x_wconf 77' lang='lat' dir='ltr'>diversimode,</span> <span class='ocrx_word' id='word_1_77' title='bbox 956 685 1110 723; x_wconf 69' lang='lat' dir='ltr'>cruente</span> <span class='ocrx_word' id='word_1_78' title='bbox 1139 688 1179 723; x_wconf 84' lang='lat' dir='ltr'>et</span> <span class='ocrx_word' id='word_1_79' title='bbox 1208 683 1409 724; x_wconf 69' lang='lat' dir='ltr'>incruente</span> 
     </span>
     <span class='ocr_line' id='line_1_11' title="bbox 90 742 1410 804; baseline -0.008 -8"><span class='ocrx_word' id='word_1_80' title='bbox 90 754 212 796; x_wconf 78' lang='lat' dir='ltr'>oblata</span> <span class='ocrx_word' id='word_1_81' title='bbox 233 757 304 792; x_wconf 86' lang='lat' dir='ltr'>est.</span> <span class='ocrx_word' id='word_1_82' title='bbox 330 747 464 790; x_wconf 79' lang='lat' dir='ltr'>Tertio</span> <span class='ocrx_word' id='word_1_83' title='bbox 480 777 492 798; x_wconf 81' lang='lat'>‚</span> <span class='ocrx_word' id='word_1_84' title='bbox 518 748 604 800; x_wconf 82' lang='lat' dir='ltr'>quia</span> <span class='ocrx_word' id='word_1_85' title='bbox 625 752 663 788; x_wconf 89' lang='lat' dir='ltr'>et</span> <span class='ocrx_word' id='word_1_86' title='bbox 689 744 858 804; x_wconf 82' lang='lat' dir='ltr'>quotidie</span> <span class='ocrx_word' id='word_1_87' title='bbox 877 747 896 785; x_wconf 75' lang='lat' dir='ltr'>a</span> <span class='ocrx_word' id='word_1_88' title='bbox 919 745 1044 787; x_wconf 90' lang='lat' dir='ltr'>multis</span> <span class='ocrx_word' id='word_1_89' title='bbox 1063 742 1324 787; x_wconf 70' lang='lat' dir='ltr'>sacerdotibus</span> <span class='ocrx_word' id='word_1_90' title='bbox 1340 743 1410 786; x_wconf 83' lang='lat' dir='ltr'>of·-</span> 
     </span>
     <span class='ocr_line' id='line_1_12' title="bbox 89 809 1353 865; baseline -0.009 -4"><span class='ocrx_word' id='word_1_91' title='bbox 89 819 206 861; x_wconf 86' lang='lat' dir='ltr'>sertur</span> <span class='ocrx_word' id='word_1_92' title='bbox 222 834 231 865; x_wconf 92' lang='lat'>;</span> <span class='ocrx_word' id='word_1_93' title='bbox 252 814 354 856; x_wconf 87' lang='lat' dir='ltr'>unde</span> <span class='ocrx_word' id='word_1_94' title='bbox 368 844 379 865; x_wconf 91' lang='lat'><strong>‚</strong></span> <span class='ocrx_word' id='word_1_95' title='bbox 397 811 484 853; x_wconf 78' lang='lat' dir='ltr'>licet</span> <span class='ocrx_word' id='word_1_96' title='bbox 501 825 575 851; x_wconf 87' lang='lat' dir='ltr'>una</span> <span class='ocrx_word' id='word_1_97' title='bbox 591 812 638 851; x_wconf 90' lang='lat' dir='ltr'>sit</span> <span class='ocrx_word' id='word_1_98' title='bbox 654 809 803 851; x_wconf 76' lang='lat' dir='ltr'>realiter</span> <span class='ocrx_word' id='word_1_99' title='bbox 815 840 825 860; x_wconf 90' lang='lat'>‚</span> <span class='ocrx_word' id='word_1_100' title='bbox 845 809 1049 850; x_wconf 85' lang='lat' dir='ltr'>virtualiter</span> <span class='ocrx_word' id='word_1_101' title='bbox 1065 816 1124 850; x_wconf 85' lang='lat' dir='ltr'>est</span> <span class='ocrx_word' id='word_1_102' title='bbox 1140 809 1353 864; x_wconf 77' lang='lat' dir='ltr'>multiplex.</span> 
     </span>
    </p>

    <p class='ocr_par' dir='ltr' id='par_1_4' title="bbox 134 867 1408 930">
     <span class='ocr_line' id='line_1_13' title="bbox 134 867 1408 930; baseline -0.007 -9"><span class='ocrx_word' id='word_1_103' title='bbox 134 876 196 925; x_wconf 56' lang='lat' dir='ltr'>ss.</span> <span class='ocrx_word' id='word_1_104' title='bbox 209 879 275 930; x_wconf 74' lang='lat'>24.</span> <span class='ocrx_word' id='word_1_105' title='bbox 285 877 329 918; x_wconf 92' lang='lat' dir='ltr'><em>N</em></span> <span class='ocrx_word' id='word_1_106' title='bbox 328 892 377 917; x_wconf 82' lang='lat' dir='ltr'>on</span> <span class='ocrx_word' id='word_1_107' title='bbox 391 877 494 915; x_wconf 82' lang='lat' dir='ltr'>enim</span> <span class='ocrx_word' id='word_1_108' title='bbox 516 876 557 914; x_wconf 82' lang='lat' dir='ltr'>in</span> <span class='ocrx_word' id='word_1_109' title='bbox 578 867 929 926; x_wconf 69' lang='lat' dir='ltr'>naanzffucta.Syr.</span> <span class='ocrx_word' id='word_1_110' title='bbox 944 873 984 912; x_wconf 89' lang='lat' dir='ltr'>in</span> <span class='ocrx_word' id='word_1_111' title='bbox 997 874 1250 913; x_wconf 73' lang='lat' dir='ltr'>sanctuarium</span> <span class='ocrx_word' id='word_1_112' title='bbox 1263 885 1408 913; x_wconf 81' lang='lat' dir='ltr'>manu-</span> 
     </span>
    </p>
   </div>
   <div class='ocr_carea' id='block_1_2' title="bbox 93 954 1412 1055">
    <p class='ocr_par' dir='ltr' id='par_1_5' title="bbox 93 954 1412 1055">
     <span class='ocr_line' id='line_1_14' title="bbox 109 954 249 989; baseline -0.029 0"><span class='ocrx_word' id='word_1_113' title='bbox 109 954 249 989; x_wconf 84' lang='lat' dir='ltr'>actum.</span> 
     </span>
     <span class='ocr_line' id='line_1_15' title="bbox 93 954 1412 1055; baseline -0.007 -4"><span class='ocrx_word' id='word_1_114' title='bbox 93 954 114 997; x_wconf 67' lang='lat' dir='ltr'>f</span> <span class='ocrx_word' id='word_1_115' title='bbox 155 1008 334 1051; x_wconf 87' lang='lat' dir='ltr'>Hostiam</span> <span class='ocrx_word' id='word_1_116' title='bbox 352 1004 485 1044; x_wconf 77' lang='lat' dir='ltr'>hostiis</span> <span class='ocrx_word' id='word_1_117' title='bbox 500 1003 756 1055; x_wconf 87' lang='lat' dir='ltr'>comparavit,</span> <span class='ocrx_word' id='word_1_118' title='bbox 778 999 1002 1054; x_wconf 84' lang='lat' dir='ltr'>pontificem</span> <span class='ocrx_word' id='word_1_119' title='bbox 1021 999 1265 1052; x_wconf 73' lang='lat' dir='ltr'>pontificibus</span> <span class='ocrx_word' id='word_1_120' title='bbox 1277 1030 1289 1052; x_wconf 81' lang='lat'>,</span> <span class='ocrx_word' id='word_1_121' title='bbox 1308 1014 1412 1042; x_wconf 87' lang='lat' dir='ltr'>nunc</span> 
     </span>
    </p>
   </div>
   <div class='ocr_carea' id='block_1_3' title="bbox 96 1071 1430 2501">
    <p class='ocr_par' dir='ltr' id='par_1_6' title="bbox 98 1071 1253 1118">
     <span class='ocr_line' id='line_1_16' title="bbox 98 1071 1253 1118; baseline -0.011 0"><span class='ocrx_word' id='word_1_122' title='bbox 98 1074 353 1118; x_wconf 76' lang='lat' dir='ltr'>sanemarium</span> <span class='ocrx_word' id='word_1_123' title='bbox 377 1071 600 1111; x_wconf 88' lang='lat' dir='ltr'>sanctuario.</span> <span class='ocrx_word' id='word_1_124' title='bbox 1248 1101 1253 1105; x_wconf 79' lang='grc'><em>,</em></span> 
     </span>
    </p>

    <p class='ocr_par' dir='ltr' id='par_1_7' title="bbox 99 1127 1414 1319">
     <span class='ocr_line' id='line_1_17' title="bbox 156 1127 1414 1188; baseline -0.006 -8"><span class='ocrx_word' id='word_1_125' title='bbox 156 1139 250 1184; x_wconf 84' lang='lat' dir='ltr'>Non</span> <span class='ocrx_word' id='word_1_126' title='bbox 270 1140 374 1180; x_wconf 83' lang='lat' dir='ltr'>enim</span> <span class='ocrx_word' id='word_1_127' title='bbox 395 1138 584 1188; x_wconf 72' lang='lat' dir='ltr'>ingressus</span> <span class='ocrx_word' id='word_1_128' title='bbox 614 1138 671 1174; x_wconf 90' lang='lat' dir='ltr'>est</span> <span class='ocrx_word' id='word_1_129' title='bbox 697 1130 811 1175; x_wconf 88' lang='lat' dir='ltr'>Jesus</span> <span class='ocrx_word' id='word_1_130' title='bbox 835 1129 1008 1173; x_wconf 84' lang='lat' dir='ltr'>Christus</span> <span class='ocrx_word' id='word_1_131' title='bbox 1035 1132 1076 1172; x_wconf 90' lang='lat' dir='ltr'>in</span> <span class='ocrx_word' id='word_1_132' title='bbox 1098 1127 1237 1173; x_wconf 87' lang='lat' dir='ltr'>Sancta</span> <span class='ocrx_word' id='word_1_133' title='bbox 1256 1137 1414 1173; x_wconf 85' lang='lat' dir='ltr'>sancto-</span> 
     </span>
     <span class='ocr_line' id='line_1_18' title="bbox 99 1193 1414 1253; baseline -0.008 -7"><span class='ocrx_word' id='word_1_134' title='bbox 99 1219 206 1253; x_wconf 81' lang='lat' dir='ltr'>rum,</span> <span class='ocrx_word' id='word_1_135' title='bbox 233 1199 398 1243; x_wconf 73' lang='lat' dir='ltr'>humana</span> <span class='ocrx_word' id='word_1_136' title='bbox 419 1206 498 1239; x_wconf 89' lang='lat' dir='ltr'>arte</span> <span class='ocrx_word' id='word_1_137' title='bbox 522 1195 748 1248; x_wconf 83' lang='lat' dir='ltr'>fabrefacta,</span> <span class='ocrx_word' id='word_1_138' title='bbox 773 1199 812 1238; x_wconf 89' lang='lat' dir='ltr'>in</span> <span class='ocrx_word' id='word_1_139' title='bbox 836 1209 920 1250; x_wconf 88' lang='lat' dir='ltr'>quae</span> <span class='ocrx_word' id='word_1_140' title='bbox 939 1193 1222 1249; x_wconf 73' lang='lat' dir='ltr'>ingrediebatur</span> <span class='ocrx_word' id='word_1_141' title='bbox 1236 1194 1356 1237; x_wconf 86' lang='lat' dir='ltr'>semel</span> <span class='ocrx_word' id='word_1_142' title='bbox 1374 1197 1414 1236; x_wconf 90' lang='lat' dir='ltr'>in</span> 
     </span>
     <span class='ocr_line' id='line_1_19' title="bbox 100 1261 646 1319; baseline -0.02 -6"><span class='ocrx_word' id='word_1_143' title='bbox 100 1284 203 1312; x_wconf 88' lang='lat' dir='ltr'>anno</span> <span class='ocrx_word' id='word_1_144' title='bbox 226 1265 399 1319; x_wconf 78' lang='lat' dir='ltr'>pontifex</span> <span class='ocrx_word' id='word_1_145' title='bbox 421 1261 646 1319; x_wconf 73' lang='lat' dir='ltr'>Aaronicus.</span> 
     </span>
    </p>

    <p class='ocr_par' dir='ltr' id='par_1_8' title="bbox 96 1325 1419 1593">
     <span class='ocr_line' id='line_1_20' title="bbox 147 1325 1405 1389; baseline -0.007 -10"><span class='ocrx_word' id='word_1_146' title='bbox 147 1336 418 1389; x_wconf 65' lang='lat' dir='ltr'>&#39;Exemplar-ia</span> <span class='ocrx_word' id='word_1_147' title='bbox 440 1347 632 1375; x_wconf 76' lang='lat' dir='ltr'>verorum.</span> <span class='ocrx_word' id='word_1_148' title='bbox 648 1327 718 1372; x_wconf 86' lang='lat' dir='ltr'>Gr.</span> <span class='ocrx_word' id='word_1_149' title='bbox 730 1325 963 1380; x_wconf 61' lang='grc' dir='ltr'><strong><em>ἀντίτυπα,</em></strong></span> <span class='ocrx_word' id='word_1_150' title='bbox 985 1328 1025 1370; x_wconf 89' lang='lat' dir='ltr'>id</span> <span class='ocrx_word' id='word_1_151' title='bbox 1040 1335 1114 1381; x_wconf 83' lang='lat' dir='ltr'>est,</span> <span class='ocrx_word' id='word_1_152' title='bbox 1127 1343 1212 1382; x_wconf 82' lang='lat' dir='ltr'>quae</span> <span class='ocrx_word' id='word_1_153' title='bbox 1226 1335 1332 1371; x_wconf 86' lang='lat' dir='ltr'>erant</span> <span class='ocrx_word' id='word_1_154' title='bbox 1348 1336 1405 1384; x_wconf 85' lang='lat' dir='ltr'>ty·</span> 
     </span>
     <span class='ocr_line' id='line_1_21' title="bbox 102 1393 1418 1459; baseline -0.007 -15"><span class='ocrx_word' id='word_1_155' title='bbox 102 1417 174 1459; x_wconf 91' lang='lat' dir='ltr'>pus</span> <span class='ocrx_word' id='word_1_156' title='bbox 189 1408 228 1444; x_wconf 88' lang='lat' dir='ltr'>et</span> <span class='ocrx_word' id='word_1_157' title='bbox 246 1401 363 1453; x_wconf 80' lang='lat' dir='ltr'>figura</span> <span class='ocrx_word' id='word_1_158' title='bbox 384 1411 559 1439; x_wconf 82' lang='lat' dir='ltr'>verorum</span> <span class='ocrx_word' id='word_1_159' title='bbox 579 1401 793 1436; x_wconf 76' lang='lat' dir='ltr'>sanctorum</span> <span class='ocrx_word' id='word_1_160' title='bbox 805 1425 816 1444; x_wconf 91' lang='lat'>‚</span> <span class='ocrx_word' id='word_1_161' title='bbox 838 1409 906 1436; x_wconf 85' lang='lat' dir='ltr'>seu</span> <span class='ocrx_word' id='word_1_162' title='bbox 922 1395 1089 1449; x_wconf 86' lang='lat' dir='ltr'>supremi</span> <span class='ocrx_word' id='word_1_163' title='bbox 1107 1393 1192 1435; x_wconf 85' lang='lat' dir='ltr'>coeli</span> <span class='ocrx_word' id='word_1_164' title='bbox 1211 1394 1284 1436; x_wconf 73' lang='lat' dir='ltr'>:ad</span> <span class='ocrx_word' id='word_1_165' title='bbox 1302 1396 1418 1435; x_wconf 89' lang='lat' dir='ltr'>simi-</span> 
     </span>
     <span class='ocr_line' id='line_1_22' title="bbox 102 1460 1419 1514; baseline -0.01 0"><span class='ocrx_word' id='word_1_166' title='bbox 102 1471 300 1514; x_wconf 80' lang='lat' dir='ltr'>litudinem</span> <span class='ocrx_word' id='word_1_167' title='bbox 333 1467 435 1506; x_wconf 83' lang='lat' dir='ltr'>enirn</span> <span class='ocrx_word' id='word_1_168' title='bbox 467 1465 677 1505; x_wconf 60' lang='lat' dir='ltr'>coelestium</span> <span class='ocrx_word' id='word_1_169' title='bbox 708 1460 906 1503; x_wconf 79' lang='lat' dir='ltr'>efformata</span> <span class='ocrx_word' id='word_1_170' title='bbox 931 1467 1040 1510; x_wconf 83' lang='lat' dir='ltr'>sunt,</span> <span class='ocrx_word' id='word_1_171' title='bbox 1071 1463 1158 1502; x_wconf 76' lang='lat' dir='ltr'>cum</span> <span class='ocrx_word' id='word_1_172' title='bbox 1189 1460 1332 1502; x_wconf 86' lang='lat' dir='ltr'>dictum</span> <span class='ocrx_word' id='word_1_173' title='bbox 1360 1467 1419 1502; x_wconf 87' lang='lat' dir='ltr'>est</span> 
     </span>
     <span class='ocr_line' id='line_1_23' title="bbox 96 1528 1080 1593; baseline -0.01 -13"><span class='ocrx_word' id='word_1_174' title='bbox 96 1537 239 1593; x_wconf 45' lang='lat' dir='ltr'>&#39;Moysi</span> <span class='ocrx_word' id='word_1_175' title='bbox 261 1551 270 1575; x_wconf 71' lang='grc' dir='ltr'>ε</span> <span class='ocrx_word' id='word_1_176' title='bbox 301 1535 463 1587; x_wconf 79' lang='lat' dir='ltr'>Aspice,</span> <span class='ocrx_word' id='word_1_177' title='bbox 490 1539 526 1571; x_wconf 80' lang='lat' dir='ltr'>e!</span> <span class='ocrx_word' id='word_1_178' title='bbox 535 1528 615 1584; x_wconf 77' lang='lat' dir='ltr'>fac</span> <span class='ocrx_word' id='word_1_179' title='bbox 634 1529 843 1570; x_wconf 75' lang='lat' dir='ltr'>secundina</span> <span class='ocrx_word' id='word_1_180' title='bbox 866 1529 1080 1582; x_wconf 76' lang='lat' dir='ltr'>exemplar.</span> 
     </span>
    </p>

    <p class='ocr_par' dir='ltr' id='par_1_9' title="bbox 107 1589 1420 1714">
     <span class='ocr_line' id='line_1_24' title="bbox 164 1589 1420 1653; baseline -0.01 -9"><span class='ocrx_word' id='word_1_181' title='bbox 164 1602 242 1644; x_wconf 75' lang='lat' dir='ltr'>Sed</span> <span class='ocrx_word' id='word_1_182' title='bbox 261 1603 300 1640; x_wconf 87' lang='lat' dir='ltr'>in</span> <span class='ocrx_word' id='word_1_183' title='bbox 319 1601 445 1653; x_wconf 79' lang='lat' dir='ltr'>ipsum</span> <span class='ocrx_word' id='word_1_184' title='bbox 467 1597 604 1637; x_wconf 78' lang='lat' dir='ltr'>coelum</span> <span class='ocrx_word' id='word_1_185' title='bbox 617 1620 632 1639; x_wconf 86' lang='lat'>‚</span> <span class='ocrx_word' id='word_1_186' title='bbox 649 1593 753 1648; x_wconf 89' lang='lat' dir='ltr'>quod</span> <span class='ocrx_word' id='word_1_187' title='bbox 772 1601 829 1636; x_wconf 90' lang='lat' dir='ltr'>est</span> <span class='ocrx_word' id='word_1_188' title='bbox 848 1596 1087 1635; x_wconf 86' lang='lat' dir='ltr'>verissimum</span> <span class='ocrx_word' id='word_1_189' title='bbox 1106 1589 1290 1634; x_wconf 88' lang='lat' dir='ltr'>Sanctum</span> <span class='ocrx_word' id='word_1_190' title='bbox 1303 1605 1420 1635; x_wconf 85' lang='lat' dir='ltr'>sanc-</span> 
     </span>
     <span class='ocr_line' id='line_1_25' title="bbox 107 1663 477 1714; baseline -0.024 -3"><span class='ocrx_word' id='word_1_191' title='bbox 107 1676 235 1711; x_wconf 81' lang='lat' dir='ltr'>torum</span> <span class='ocrx_word' id='word_1_192' title='bbox 252 1693 264 1714; x_wconf 91' lang='lat'><strong><em>,</em></strong></span> <span class='ocrx_word' id='word_1_193' title='bbox 293 1663 477 1704; x_wconf 80' lang='lat' dir='ltr'>introivit.</span> 
     </span>
    </p>

    <p class='ocr_par' dir='ltr' id='par_1_10' title="bbox 98 1723 1424 1910">
     <span class='ocr_line' id='line_1_26' title="bbox 177 1723 1422 1786; baseline -0.006 -16"><span class='ocrx_word' id='word_1_194' title='bbox 177 1733 228 1772; x_wconf 81' lang='lat' dir='ltr'>Ut</span> <span class='ocrx_word' id='word_1_195' title='bbox 243 1735 432 1786; x_wconf 72' lang='lat' dir='ltr'>appareat</span> <span class='ocrx_word' id='word_1_196' title='bbox 446 1756 458 1775; x_wconf 91' lang='lat'><em>‚</em></span> <span class='ocrx_word' id='word_1_197' title='bbox 479 1725 518 1765; x_wconf 85' lang='lat' dir='ltr'>id</span> <span class='ocrx_word' id='word_1_198' title='bbox 535 1732 592 1765; x_wconf 86' lang='lat' dir='ltr'>est</span> <span class='ocrx_word' id='word_1_199' title='bbox 605 1755 615 1775; x_wconf 82' lang='grc'><em>,</em></span> <span class='ocrx_word' id='word_1_200' title='bbox 632 1731 673 1764; x_wconf 80' lang='lat' dir='ltr'>ut¹</span> <span class='ocrx_word' id='word_1_201' title='bbox 686 1724 758 1765; x_wconf 80' lang='lat' dir='ltr'>illic</span> <span class='ocrx_word' id='word_1_202' title='bbox 774 1723 948 1764; x_wconf 88' lang='lat' dir='ltr'>habitans</span> <span class='ocrx_word' id='word_1_203' title='bbox 963 1754 973 1774; x_wconf 88' lang='lat'>,</span> <span class='ocrx_word' id='word_1_204' title='bbox 990 1730 1182 1776; x_wconf 78' lang='lat' dir='ltr'>appareat</span> <span class='ocrx_word' id='word_1_205' title='bbox 1193 1737 1315 1771; x_wconf 72' lang='lat' dir='ltr'>mene,</span> <span class='ocrx_word' id='word_1_206' title='bbox 1332 1735 1422 1763; x_wconf 87' lang='lat' dir='ltr'>con-</span> 
     </span>
     <span class='ocr_line' id='line_1_27' title="bbox 98 1785 1424 1848; baseline -0.009 -7"><span class='ocrx_word' id='word_1_207' title='bbox 98 1801 232 1848; x_wconf 69' lang='lat' dir='ltr'>tinne,</span> <span class='ocrx_word' id='word_1_208' title='bbox 255 1794 422 1846; x_wconf 57' lang='lat' dir='ltr'>semper,</span> <span class='ocrx_word' id='word_1_209' title='bbox 440 1792 568 1832; x_wconf 69' lang='lat' dir='ltr'>vullai</span> <span class='ocrx_word' id='word_1_210' title='bbox 589 1791 674 1830; x_wconf 74' lang='lat' dir='ltr'><em>Dei.</em></span> <span class='ocrx_word' id='word_1_211' title='bbox 696 1787 785 1844; x_wconf 85' lang='lat' dir='ltr'>Syr.</span> <span class='ocrx_word' id='word_1_212' title='bbox 806 1795 894 1829; x_wconf 89' lang='lat' dir='ltr'>ante</span> <span class='ocrx_word' id='word_1_213' title='bbox 914 1787 1048 1831; x_wconf 86' lang='lat' dir='ltr'>faciem</span> <span class='ocrx_word' id='word_1_214' title='bbox 1069 1785 1164 1838; x_wconf 80' lang='lat' dir='ltr'>Dei,</span> <span class='ocrx_word' id='word_1_215' title='bbox 1184 1789 1225 1829; x_wconf 86' lang='lat' dir='ltr'>id</span> <span class='ocrx_word' id='word_1_216' title='bbox 1247 1795 1323 1840; x_wconf 84' lang='lat' dir='ltr'>est,</span> <span class='ocrx_word' id='word_1_217' title='bbox 1346 1803 1424 1829; x_wconf 91' lang='lat' dir='ltr'>co-</span> 
     </span>
     <span class='ocr_line' id='line_1_28' title="bbox 114 1855 1234 1910; baseline -0.008 -4"><span class='ocrx_word' id='word_1_218' title='bbox 114 1879 195 1907; x_wconf 86' lang='lat' dir='ltr'>ram</span> <span class='ocrx_word' id='word_1_219' title='bbox 216 1862 310 1903; x_wconf 88' lang='lat' dir='ltr'>solio</span> <span class='ocrx_word' id='word_1_220' title='bbox 334 1861 476 1901; x_wconf 85' lang='lat' dir='ltr'>divinae</span> <span class='ocrx_word' id='word_1_221' title='bbox 495 1855 701 1909; x_wconf 71' lang='lat' dir='ltr'>Maiestatis</span> <span class='ocrx_word' id='word_1_222' title='bbox 717 1885 728 1905; x_wconf 89' lang='lat'>‚</span> <span class='ocrx_word' id='word_1_223' title='bbox 753 1855 1003 1910; x_wconf 55' lang='lat' dir='ltr'>interpellans</span> <span class='ocrx_word' id='word_1_224' title='bbox 1020 1869 1090 1909; x_wconf 82' lang='lat' dir='ltr'>pro</span> <span class='ocrx_word' id='word_1_225' title='bbox 1111 1855 1234 1897; x_wconf 75' lang='lat' dir='ltr'>nobis.</span> 
     </span>
    </p>

    <p class='ocr_par' dir='ltr' id='par_1_11' title="bbox 183 1920 836 1977">
     <span class='ocr_line' id='line_1_29' title="bbox 183 1920 836 1977; baseline -0.008 -12"><span class='ocrx_word' id='word_1_226' title='bbox 183 1926 236 1967; x_wconf 79' lang='lat' dir='ltr'>Ut</span> <span class='ocrx_word' id='word_1_227' title='bbox 252 1930 441 1977; x_wconf 75' lang='lat' dir='ltr'>appareat</span> <span class='ocrx_word' id='word_1_228' title='bbox 459 1935 562 1960; x_wconf 83' lang='lat' dir='ltr'>nunc</span> <span class='ocrx_word' id='word_1_229' title='bbox 578 1920 703 1959; x_wconf 78' lang='lat' dir='ltr'>vultui</span> <span class='ocrx_word' id='word_1_230' title='bbox 723 1920 836 1960; x_wconf 83' lang='lat' dir='ltr'>Dei...</span> 
     </span>
    </p>

    <p class='ocr_par' dir='ltr' id='par_1_12' title="bbox 120 1982 1427 2116">
     <span class='ocr_line' id='line_1_30' title="bbox 178 1982 1427 2038; baseline -0.007 -5"><span class='ocrx_word' id='word_1_231' title='bbox 178 1989 268 2033; x_wconf 65' lang='lat' dir='ltr'>Hac</span> <span class='ocrx_word' id='word_1_232' title='bbox 296 1989 483 2030; x_wconf 81' lang='lat' dir='ltr'>locutione</span> <span class='ocrx_word' id='word_1_233' title='bbox 511 1986 697 2026; x_wconf 85' lang='lat' dir='ltr'>indicatur</span> <span class='ocrx_word' id='word_1_234' title='bbox 727 1983 896 2025; x_wconf 75' lang='lat' dir='ltr'>officium</span> <span class='ocrx_word' id='word_1_235' title='bbox 924 1984 1111 2038; x_wconf 85' lang='lat' dir='ltr'>pontificis</span> <span class='ocrx_word' id='word_1_236' title='bbox 1141 1989 1178 2024; x_wconf 88' lang='lat' dir='ltr'>et</span> <span class='ocrx_word' id='word_1_237' title='bbox 1207 1982 1427 2034; x_wconf 74' lang='lat' dir='ltr'>mediatoris</span> 
     </span>
     <span class='ocr_line' id='line_1_31' title="bbox 120 2053 952 2116; baseline -0.012 -14"><span class='ocrx_word' id='word_1_238' title='bbox 120 2060 224 2116; x_wconf 88' lang='lat' dir='ltr'>quod</span> <span class='ocrx_word' id='word_1_239' title='bbox 241 2056 413 2100; x_wconf 85' lang='lat' dir='ltr'>Christus</span> <span class='ocrx_word' id='word_1_240' title='bbox 435 2056 613 2096; x_wconf 74' lang='lat' dir='ltr'>continue</span> <span class='ocrx_word' id='word_1_241' title='bbox 631 2053 722 2107; x_wconf 79' lang='lat' dir='ltr'>gerit</span> <span class='ocrx_word' id='word_1_242' title='bbox 742 2066 810 2105; x_wconf 89' lang='lat' dir='ltr'>pro</span> <span class='ocrx_word' id='word_1_243' title='bbox 826 2053 952 2093; x_wconf 89' lang='lat' dir='ltr'>nobis.</span> 
     </span>
    </p>

    <p class='ocr_par' dir='ltr' id='par_1_13' title="bbox 121 2118 1430 2244">
     <span class='ocr_line' id='line_1_32' title="bbox 179 2118 1430 2172; baseline -0.006 -5"><span class='ocrx_word' id='word_1_244' title='bbox 179 2123 361 2168; x_wconf 80' lang='lat' dir='ltr'>Pontifex</span> <span class='ocrx_word' id='word_1_245' title='bbox 384 2120 594 2164; x_wconf 84' lang='lat' dir='ltr'>Aaronicus</span> <span class='ocrx_word' id='word_1_246' title='bbox 618 2122 657 2161; x_wconf 88' lang='lat' dir='ltr'>in</span> <span class='ocrx_word' id='word_1_247' title='bbox 678 2118 813 2161; x_wconf 79' lang='lat' dir='ltr'>Sancta</span> <span class='ocrx_word' id='word_1_248' title='bbox 830 2126 1045 2160; x_wconf 79' lang='lat' dir='ltr'>sanctorum</span> <span class='ocrx_word' id='word_1_249' title='bbox 1066 2119 1280 2172; x_wconf 84' lang='lat' dir='ltr'>ingressus,</span> <span class='ocrx_word' id='word_1_250' title='bbox 1307 2118 1430 2160; x_wconf 86' lang='lat' dir='ltr'>stabat</span> 
     </span>
     <span class='ocr_line' id='line_1_33' title="bbox 121 2184 1143 2244; baseline -0.012 -9"><span class='ocrx_word' id='word_1_251' title='bbox 121 2206 251 2235; x_wconf 85' lang='lat' dir='ltr'>coram</span> <span class='ocrx_word' id='word_1_252' title='bbox 272 2189 530 2244; x_wconf 84' lang='lat' dir='ltr'>propitiatorio</span> <span class='ocrx_word' id='word_1_253' title='bbox 545 2216 555 2236; x_wconf 83' lang='lat'>‚</span> <span class='ocrx_word' id='word_1_254' title='bbox 581 2199 690 2226; x_wconf 86' lang='lat' dir='ltr'>orans</span> <span class='ocrx_word' id='word_1_255' title='bbox 708 2199 776 2239; x_wconf 77' lang='lat' dir='ltr'>pro</span> <span class='ocrx_word' id='word_1_256' title='bbox 796 2184 947 2239; x_wconf 83' lang='lat' dir='ltr'>populo.</span> <span class='ocrx_word' id='word_1_257' title='bbox 1141 2234 1143 2237; x_wconf 22' lang='grc' dir='ltr'><strong><em>ι</em></strong></span> 
     </span>
    </p>

    <p class='ocr_par' dir='ltr' id='par_1_14' title="bbox 98 2245 1430 2444">
     <span class='ocr_line' id='line_1_34' title="bbox 179 2245 1430 2302; baseline -0.008 -6"><span class='ocrx_word' id='word_1_258' title='bbox 179 2253 235 2296; x_wconf 86' lang='lat' dir='ltr'>Ita</span> <span class='ocrx_word' id='word_1_259' title='bbox 262 2251 434 2294; x_wconf 85' lang='lat' dir='ltr'>Christus</span> <span class='ocrx_word' id='word_1_260' title='bbox 458 2253 497 2291; x_wconf 89' lang='lat' dir='ltr'>in</span> <span class='ocrx_word' id='word_1_261' title='bbox 523 2249 658 2290; x_wconf 84' lang='lat' dir='ltr'>coelum</span> <span class='ocrx_word' id='word_1_262' title='bbox 680 2250 868 2302; x_wconf 81' lang='lat' dir='ltr'>ingressus</span> <span class='ocrx_word' id='word_1_263' title='bbox 884 2278 896 2297; x_wconf 86' lang='lat'>‚</span> <span class='ocrx_word' id='word_1_264' title='bbox 921 2254 993 2288; x_wconf 84' lang='lat' dir='ltr'>stat</span> <span class='ocrx_word' id='word_1_265' title='bbox 1018 2261 1145 2289; x_wconf 88' lang='lat' dir='ltr'>coram</span> <span class='ocrx_word' id='word_1_266' title='bbox 1168 2245 1264 2287; x_wconf 87' lang='lat' dir='ltr'>solio</span> <span class='ocrx_word' id='word_1_267' title='bbox 1290 2245 1430 2287; x_wconf 81' lang='lat' dir='ltr'>divinae</span> 
     </span>
     <span class='ocr_line' id='line_1_35' title="bbox 119 2312 1430 2371; baseline -0.009 -8"><span class='ocrx_word' id='word_1_268' title='bbox 119 2320 352 2371; x_wconf 69' lang='lat' dir='ltr'>Maiestatis,</span> <span class='ocrx_word' id='word_1_269' title='bbox 386 2332 443 2357; x_wconf 80' lang='lat' dir='ltr'>res</span> <span class='ocrx_word' id='word_1_270' title='bbox 473 2323 620 2356; x_wconf 81' lang='lat' dir='ltr'>nostras</span> <span class='ocrx_word' id='word_1_271' title='bbox 651 2312 739 2355; x_wconf 84' lang='lat' dir='ltr'>Deo</span> <span class='ocrx_word' id='word_1_272' title='bbox 770 2313 1069 2365; x_wconf 82' lang='lat' dir='ltr'>commendans,</span> <span class='ocrx_word' id='word_1_273' title='bbox 1094 2312 1332 2367; x_wconf 76' lang='lat' dir='ltr'>fructumque</span> <span class='ocrx_word' id='word_1_274' title='bbox 1356 2323 1430 2352; x_wconf 79' lang='lat' dir='ltr'>suae</span> 
     </span>
     <span class='ocr_line' id='line_1_36' title="bbox 98 2382 756 2444; baseline -0.012 -16"><span class='ocrx_word' id='word_1_275' title='bbox 98 2404 102 2422; x_wconf 76' lang='lat'>2</span> <span class='ocrx_word' id='word_1_276' title='bbox 122 2386 307 2444; x_wconf 81' lang='lat' dir='ltr'>passionis</span> <span class='ocrx_word' id='word_1_277' title='bbox 325 2397 369 2422; x_wconf 72' lang='lat' dir='ltr'>ai:</span> <span class='ocrx_word' id='word_1_278' title='bbox 387 2382 517 2422; x_wconf 85' lang='lat' dir='ltr'>mortis</span> <span class='ocrx_word' id='word_1_279' title='bbox 536 2393 756 2431; x_wconf 79' lang='lat' dir='ltr'>reposcens.</span> 
     </span>
    </p>

    <p class='ocr_par' dir='ltr' id='par_1_15' title="bbox 177 2439 1430 2501">
     <span class='ocr_line' id='line_1_37' title="bbox 177 2439 1430 2501; baseline -0.007 -12"><span class='ocrx_word' id='word_1_280' title='bbox 177 2445 233 2501; x_wconf 57' lang='lat' dir='ltr'>fi.</span> <span class='ocrx_word' id='word_1_281' title='bbox 248 2445 315 2488; x_wconf 80' lang='lat'>25.</span> <span class='ocrx_word' id='word_1_282' title='bbox 328 2442 460 2499; x_wconf 79' lang='lat' dir='ltr'>Neque</span> <span class='ocrx_word' id='word_1_283' title='bbox 482 2450 525 2484; x_wconf 80' lang='lat' dir='ltr'>ut</span> <span class='ocrx_word' id='word_1_284' title='bbox 542 2458 643 2498; x_wconf 76' lang='lat' dir='ltr'>soepe</span> <span class='ocrx_word' id='word_1_285' title='bbox 661 2441 803 2496; x_wconf 71' lang='lat' dir='ltr'>offerat</span> <span class='ocrx_word' id='word_1_286' title='bbox 820 2439 1222 2498; x_wconf 66' lang='lat' dir='ltr'>semett&#39;psum‘...·Syr.</span> <span class='ocrx_word' id='word_1_287' title='bbox 1243 2455 1321 2483; x_wconf 89' lang='lat' dir='ltr'>non</span> <span class='ocrx_word' id='word_1_288' title='bbox 1340 2439 1430 2496; x_wconf 85' lang='lat' dir='ltr'>qui-</span> 
     </span>
    </p>
   </div>
  </div>
 </body>
</html>
