1430 2658
127 87 185 147 96
342 78 364 122 ,⁸
457 74 468 88 ¹
493 91 703 125 emsa-om
731 89 790 122 An
816 88 1016 122 munros

127 131 466 205 secundunfntam
480 157 551 198 sibi
566 156 721 210 gratiam
731 184 743 206 ,
763 152 962 206 adimpleat
974 181 987 204 ‚
1003 147 1147 192 orando
1158 177 1170 198 ‚
1191 148 1400 203 gendo,

126 223 364 282 lacrymando
378 252 392 275 ‚
427 220 603 276 patiendo
617 251 630 273 ,
663 217 860 261 moriendo
873 246 886 270 ,
925 217 958 257 si
989 226 1147 257 necesse
1164 211 1404 270 sueritffspro

126 297 359 347 peccatorum
377 285 517 330 aeternfi
531 285 662 328 salute.

653 374 854 418 sECUNno.
1379 396 1391 413 ,

182 468 322 511 Omnis
346 465 574 510 Christianus
587 496 597 516 ‚
620 478 686 506 seu
706 461 844 505 Christi
867 458 1085 514 discipulus,
1105 457 1276 501 attendat
1292 458 1342 502 ad
1357 473 1404 502 ea

124 547 206 588 quae
231 533 279 575 de
305 530 477 582 Christo,
512 529 663 570 doctore
689 534 837 575 nostro,
869 524 916 566 ad
934 529 1102 565 nostram
1122 521 1339 566 doctrinam
1365 530 1405 566 et

123 597 414 639 consolationem
430 595 563 648 scripta
583 598 692 644 sunt,
711 589 765 644 yffi.
791 589 816 632 8
834 595 870 630 et
890 603 930 645 9.

171 655 379 711 Christus,
399 659 484 700 licet
504 656 579 698 Dei
610 653 726 698 Filius
740 686 752 707 ‚
775 656 833 695 cui
851 651 1102 695 connaturalis
1120 657 1198 694 erat
1212 657 1401 708 potestas,

125 726 239 781 gloria
255 732 292 766 et
310 723 478 774 felicitas,
516 723 588 775 pati
613 727 759 772 tamen,
776 717 986 771 humiliari,
1005 717 1164 759 obedire
1195 712 1342 775 voluit,
1364 725 1404 760 et

125 787 352 843 experientia
368 789 459 828 scire
473 788 580 841 quom
593 784 746 825 arduum
766 785 810 824 sit
830 789 866 823 et
882 796 1016 836 grave,
1032 795 1220 836 moerere,
1241 781 1402 830 taedere.

125 853 276 902 tristari,
300 853 426 892 timere
442 880 454 903 ‚
474 851 567 903 pati,
593 849 697 889 mori.
715 845 870 899 Quare?

182 914 334 968 Primo,
357 915 402 956 ad
429 920 591 956 nostram
621 912 916 954 consoiationem
944 927 954 952 τ
985 910 1127 954 scilicet
1149 917 1191 954 ut
1209 925 1298 967 erga
1331 925 1403 953 nos

124 986 275 1023 moesios
288 1010 299 1031 ‚
326 982 526 1033 patientes,
546 976 752 1018 humiliatos
766 1007 777 1028 ‚
797 975 958 1018 afflictos
972 1007 985 1029 ‚
1009 983 1109 1018 esset
1125 977 1351 1031 propensior
1363 984 1402 1018 et

124 1046 171 1087 ad
188 1045 440 1086 miserendum
458 1043 666 1099 proclivior.
683 1041 782 1088 Vide
805 1043 904 1085 dicta
922 1044 1042 1098 capite
1057 1041 1227 1084 secundo
1242 1041 1294 1090 >ad
1309 1056 1403 1084 ver-

123 1124 204 1152 sum
224 1111 407 1152 decimum
421 1115 611 1160 octavum,
630 1114 666 1150 et
684 1111 802 1164 capite
822 1115 954 1163 quatro
971 1107 1019 1150 ad
1036 1121 1191 1153 versum
1211 1107 1403 1151 decimum

124 1178 303 1229 quinium.

180 1235 375 1288 Secundo,
407 1238 454 1279 ad
484 1243 646 1279 nostram
677 1237 884 1279 doctrinam
907 1253 917 1278 :
949 1252 999 1280 ne
1019 1236 1189 1291 scilicet,
1212 1239 1299 1280 cum
1319 1230 1403 1279 talia

127 1304 321 1353 sentimus,
342 1317 408 1343 nos
425 1309 615 1358 propterea
639 1309 809 1358 putemus
830 1306 851 1344 ἐι
869 1300 960 1344 Deo
983 1302 1183 1358 despectos
1204 1308 1318 1358 atque
1334 1301 1404 1343 de·

129 1366 288 1407 relictos.

182 1425 280 1468 Sicu!
303 1427 402 1467 enim
421 1423 588 1470 Christus
611 1431 750 1482 patiens
763 1461 775 1482 ‚
794 1437 953 1473 moestus
967 1460 978 1481 ‚
1003 1432 1120 1472 tristis
1143 1429 1192 1472 ad
1211 1437 1402 1483 moriem,

128 1491 312 1532 doloribus
326 1497 361 1531 et
377 1493 582 1545 opprobriis
601 1493 807 1547 derelictus,
826 1510 904 1537 non
922 1491 1013 1537 ideo
1034 1493 1252 1537 minus'Dei
1267 1491 1402 1547 Filius,

128 1573 205 1599 non
221 1558 306 1599 ideo
320 1559 439 1598 minus
455 1557 537 1600 Deo
549 1559 674 1603 charus
687 1593 698 1613 ‚
717 1565 884 1617 quinimo
900 1560 1018 1604 Filius
1034 1559 1107 1604 Dei
1124 1576 1276 1617 semper
1289 1563 1408 1604 dilec-

129 1627 186 1662 tus
199 1652 209 1672 ,
232 1623 270 1662 in
287 1635 357 1674 quo
377 1623 446 1663 sibi
465 1624 703 1679 complacuit3

186 1683 247 1726 Sic
269 1691 305 1726 et
325 1685 539 1729 christianus
567 1692 730 1743 patiens,
754 1706 913 1746 pauper,
932 1690 1172 1744 humiliatus,
1192 1693 1408 1748 opprobriis

133 1755 281 1790 onus'ius
297 1778 308 1799 ‚
342 1749 527 1792 doloribus
554 1761 592 1793 et
614 1758 722 1796 morti
754 1757 929 1806 traditus,
964 1769 1047 1798 non
1071 1755 1160 1797 ideo
1184 1757 1310 1797 minus
1330 1754 1410 1798 Dei

132 1810 225 1851 filius
241 1841 253 1863 ‚
279 1824 356 1851 non
386 1812 470 1853 ideo
501 1816 621 1857 minus
651 1814 734 1859 Deo
764 1818 917 1871 charus,
950 1818 1021 1861 sed
1057 1821 1104 1861 eo
1135 1817 1306 1872 charior,
1333 1822 1408 1875 quo

133 1871 282 1915 Christo
303 1876 452 1928 patienti
470 1877 704 1922 conformior.

189 1937 244 1978 Si
257 1941 520 1992 compatimur,
541 1951 576 1984 et
591 1947 970 2003 conglorificabimur.

189 1998 229 2042 Si
247 1999 396 2044 Christo
410 2005 619 2050 conformes
633 2009 805 2053 fuerimus
819 2015 857 2055 in
871 2010 1048 2068 patientia
1059 2043 1071 2067 ,
1089 2019 1129 2054 et
1139 2013 1175 2055 ei
1191 2010 1409 2054 conformes

134 2069 270 2109 erimus
289 2071 325 2110 in
341 2069 467 2124 glorifi.

685 2145 848 2178 munus.

188 2210 312 2256 Nobis
330 2227 418 2268 ergo
430 2217 466 2257 in
481 2216 558 2261 hoc
576 2221 795 2266 infirmitatis
810 2232 847 2267 et
865 2228 1078 2281 passionum
1089 2232 1187 2270 statu
1196 2227 1411 2269 constitutis

133 2277 222 2332 quid
239 2276 475 2322 faciendum?

684 2341 831 2386 ΡΒιΜὸ.

185 2416 426 2476 Aspiciamus
446 2425 485 2467 in
502 2422 707 2474 Auctorem
724 2432 849 2475 salutis
868 2442 1014 2491 nostrin,
1026 2451 1095 2492 per
1106 2439 1303 2495 passiones
1313 2451 1415 2482 con·
