1430 2658
2 59 3 62 ’
162 83 164 85 >
203 69 205 73 ⁴
299 69 485 103 rmum
511 70 752 102 most-rto.
781 55 883 112 Cap.
915 51 1043 100 Vm.
1280 54 1362 100 163

22 152 25 155 ·
81 131 274 189 ,fluidus
290 131 516 181 immortalis
541 131 654 174 otfert
684 129 991 174 Eucharisticum
1008 145 1152 174 munus
1170 130 1244 188 'per
1263 134 1362 175 uni-

43 210 201 247 msam
219 196 355 240 orbem
377 204 514 247 terrae3
535 195 648 238 offert
669 203 706 238 et
722 196 889 238 hostiam
908 198 946 237 in
969 195 1075 238 coelis
1095 211 1180 239 sese
1196 204 1238 240 ut
1267 196 1361 239 olim

42 263 267 309 cumifixum
285 262 478 305 exhibens
494 276 563 318 per
577 262 781 304 vulnerum
797 264 991 304 cicatrices
1005 277 1015 311 3
1032 265 1163 320 sicque
1182 265 1361 307 ministe-

42 332 145 374 rium
162 342 275 371 suum
294 333 449 370 exercet
467 334 506 370 et
530 329 571 369 in
593 327 700 369 coelis
723 334 760 369 et
780 328 821 368 in
837 329 961 369 terris.

13 389 19 393 “
100 392 246 438 Fateor
272 392 452 447 equidem
474 392 579 448 quod
601 390 653 435 D.
674 389 814 434 Paulus
837 389 1117 434 Eucharistiam
1139 391 1205 434 hle
1233 397 1363 435 tacere

46 459 222 502 videatur
237 489 250 511 ,
269 460 357 514 quia
380 458 618 512 mysterium.
645 454 748 499 Vide
767 455 867 497 dicta
885 458 924 497 in
942 470 1025 510 cap.
1048 469 1087 510 7.
1117 455 1166 497 ad
1185 451 1241 505 35.
1261 455 1306 498 3.

104 522 303 568 Fidelibus
321 530 448 565 tamen
467 524 739 577 mysteriorum
767 523 931 563 consciis
950 521 1050 562 illam
1069 523 1157 562 satis
1183 523 1366 576 exprimit

48 590 122 637 hdo
137 589 342 634 universali
362 590 624 645 propositione
641 605 651 630 ε
679 588 821 629 Omnis
834 584 1017 641 pontifex
1043 587 1293 628 constituitur
1311 588 1367 627 ad

46 655 291 712 offerendum
313 670 492 708 munero,
513 654 554 696 id
574 661 647 706 est,
674 657 871 697 incruenta
892 653 1074 696 sacrificia
1095 669 1106 694 z
1132 659 1170 693 et
1196 653 1362 703 hostias,

47 721 92 764 id
113 727 192 774 est,
217 727 374 764 cruenta
388 719 583 762 sacrificia.
978 727 981 734 ·

106 784 281 828 Maxime
308 789 402 827 vero
417 787 504 826 cum
524 782 625 824 hanc
648 784 952 837 propositionem
967 781 1221 825 universalem
1246 796 1369 824 enun-

46 853 121 894 tiet
139 849 376 906 Apostolus,
398 856 601 905 postquam
620 849 814 891 multoties
834 850 874 890 in
894 862 976 902 cap.
998 863 1036 904 7.
1055 848 1151 890 dixit
1170 846 1367 890 Christum

25 916 289 959 ..sacerdotem
312 918 351 958 in
369 921 558 957 aeternum
575 913 789 956 secundum
807 916 920 956 ritum
939 914 1174 956 sacrificandi
1195 911 1367 954 Melchi-

45 980 223 1033 sedech,
248 983 313 1036 qui
347 982 544 1023 incruente
565 978 791 1020 sacrificavit
819 981 859 1020 in
882 993 980 1034 pane
1003 986 1042 1020 et
1068 981 1161 1021 vino
1177 1009 1189 1030 ‚
1216 976 1368 1033 hocque

53 1046 238 1087 sacrificio
265 1046 522 1099 praefiguravit
537 1041 845 1086 Eucharisticum
861 1044 1100 1087 sacrificium.

113 1111 174 1167 y.
191 1113 235 1164 4..
255 1113 303 1153 Sa·
321 1127 409 1165 ergo
426 1118 524 1152 esset
546 1126 661 1166 super
677 1119 864 1155 terram...
887 1109 957 1154 Gr.
976 1112 1166 1168 siquidem
1185 1114 1288 1153 enim
1307 1126 1370 1154 es·

50 1185 114 1221 set
143 1191 259 1232 super
278 1184 417 1220 terram
435 1207 446 1227 ‚
469 1191 542 1218 nee
561 1179 692 1231 utique
710 1184 811 1219 esset
834 1177 1025 1219 sacerdos.

114 1244 214 1289 Satis
237 1247 491 1288 communiter
508 1247 548 1286 in
564 1244 642 1286 hoc
662 1245 851 1287 versiculo
877 1245 1168 1299 subintelligitur
1187 1245 1368 1297 offerens,

52 1325 124 1354 seu
148 1308 350 1361 Christus,
389 1312 444 1350 sic
471 1325 482 1349 t
507 1310 544 1350 si
570 1306 748 1351 Christus
772 1317 870 1350 esset
894 1326 1008 1364 svper
1028 1317 1197 1361 terram,
1228 1325 1275 1351 ree
1298 1327 1371 1352 sa-

57 1377 189 1419 cerdos
207 1376 363 1432 quidem
383 1382 497 1425 esset,
532 1374 653 1417 multo
677 1378 803 1417 minus
823 1376 1011 1430 pontifex.

116 1441 215 1482 Cz‘zm
235 1448 376 1491 essent,
397 1440 438 1482 id
465 1447 543 1490 est,
570 1440 882 1497 quandoquidem
905 1443 980 1494 jam
1012 1448 1140 1484 essent
1170 1442 1229 1484 alii
1261 1456 1372 1497 super

57 1513 196 1548 terram
217 1509 238 1548 a
255 1503 344 1548 Deo
371 1507 594 1558 constituti,
619 1506 785 1557 scilicet,
819 1504 1007 1548 Aaronici
1027 1507 1242 1550 sacerdotes
1261 1537 1272 1557 ‚
1309 1509 1375 1562 qui

52 1570 238 1617 ,offerrent
257 1571 363 1624 juxta
375 1570 468 1624 legis
486 1573 765 1625 praescriptum.

117 1632 252 1688 Itaque
273 1633 369 1675 nihil
396 1647 492 1688 opus
521 1642 623 1676 esset.
654 1641 691 1675 ut
718 1632 879 1676 Messias
913 1636 1022 1678 fieret
1051 1635 1229 1677 sacerdos
1261 1642 1298 1677 et
1325 1635 1374 1676 ad

57 1697 136 1738 hoc
156 1698 382 1738 mitteretur.

117 1764 198 1808 Sed
218 1781 332 1808 sensu
354 1782 433 1808 non
451 1769 579 1809 minus
602 1769 757 1823 proprio
777 1768 1066 1823 subintelligitur
1084 1771 1238 1811 victima
1254 1802 1264 1820 ‚
1289 1773 1344 1813 sic
1365 1787 1374 1810 ι

55 1834 99 1874 si
116 1832 207 1874 illud
241 1832 345 1888 quod
364 1832 521 1875 offertur
547 1842 646 1874 esset
664 1849 778 1886 super·
802 1841 962 1884 terram,
984 1850 1051 1878 seu
1071 1835 1222 1891 aliquod
1247 1844 1374 1880 terre—

59 1913 152 1942 num
169 1930 182 1952 ,
211 1896 386 1941 Christus
414 1916 491 1941 non
520 1908 617 1941 esset
642 1902 838 1948 sacerdos,
870 1902 907 1943 id
930 1909 1011 1955 est,
1046 1902 1143 1943 nulla
1169 1906 1375 1946 necessitas

58 1974 163 2009 esset
182 1968 264 2020 ejus
283 1967 507 2017 sacerdotii,
530 1970 616 2022 quia
635 1968 742 2009 multi
763 1976 891 2010 essent
916 1970 978 2024 qui
998 1970 1081 2011 talia
1097 1969 1291 2013 osserrent.

119 2027 238 2071 Hanc
251 2032 551 2085 expositionem,
567 2045 657 2086 quae
677 2038 733 2072 cst
749 2032 960 2073 secundum
978 2029 1171 2083 Glossam‚
1187 2032 1244 2078 D,
1262 2031 1377 2075 Tho-

62 2109 145 2138 mas
162 2095 330 2150 pluribus
348 2096 430 2138 aliis
445 2129 457 2149 ‚
478 2112 569 2152 quas
588 2097 716 2147 refert,
743 2099 895 2140 videtur
918 2098 1097 2153 praeserre
1122 2107 1162 2142 ut
1181 2103 1300 2155 magis
1318 2101 1378 2143 lit—

61 2161 241 2212 teralem,
259 2175 326 2202 seu
342 2192 355 2212 ‚
378 2169 419 2203 ut
436 2165 509 2212 ait,
538 2166 837 2206 continuativam
852 2165 999 2207 litterae.

118 2223 256 2268 Potest
272 2233 399 2267 autem
415 2225 500 2268 haec
519 2233 675 2283 utraque
693 2229 808 2270 relata
827 2232 1017 2285 expositio
1035 2233 1166 2285 jungi,
1187 2238 1227 2272 ut
1245 2233 1284 2272 in
1309 2247 1376 2287 pa-

61 2288 259 2343 raphrasi:
284 2291 315 2331 si
336 2286 509 2332 Christus
534 2305 647 2345 super
673 2300 811 2334 terram
842 2303 1079 2347 versaretur,
1108 2295 1281 2349 nihilque
1305 2299 1378 2338 nisi

62 2361 258 2397 terrenum
286 2353 445 2397 haberet
475 2354 714 2398 offerendum
729 2389 740 2410 ‚
764 2374 844 2400 non
866 2360 996 2402 fuisset
1019 2374 1179 2403 neccsse
1205 2367 1247 2403 ut
1270 2361 1379 2404 fieret

63 2421 243 2464 sacerdos
258 2453 271 2477 ,
294 2423 381 2477 quia
398 2424 474 2476 jam
494 2423 600 2465 multi
622 2431 708 2465 sunt
730 2428 792 2482 qui
817 2427 899 2470 talia
920 2427 1096 2472 offerant.
