1430 2658
352 93 541 138 'mm
566 93 807 126 unosmo.
823 77 926 138 Gap.
950 46 1080 126 7111.
1251 121 1259 129 ,
1295 82 1375 138 ,57

0 302 22 380 ἱ·
416 318 643 368 onufr
674 320 1028 370 oGTAvuM.

76 475 95 492 ·
202 430 205 431 ⁷
460 437 471 445 ’
578 467 864 524 paraphrasis.

59 564 331 648 CAE‘rl-:nvu
345 637 359 659 ,
382 620 516 649 eorum
541 621 625 662 quae
651 606 836 650 hactenus
858 608 908 651 de
936 605 1154 664 praestantia
1174 608 1374 651 sacerdotii

56 660 205 710 Christi
226 669 330 722 dixi,
354 678 464 726 caput
481 686 526 713 ac
542 686 690 714 summa
707 680 764 715 est
783 688 793 714 t
813 674 915 729 quod
931 681 1044 716 tantae
1064 674 1256 727 dignitatis
1266 687 1374 729 pon-

54 731 208 775 flficm
220 733 409 779 habemus
422 767 434 786 ,
453 743 495 778 ut
514 738 552 777 in
571 736 674 778 coelis
693 736 829 779 dexter
847 737 1010 780 assideat
1028 736 1168 780 throno
1184 735 1288 790 Dei,
1312 736 1374 779 di-

57 799 166 841 vina
183 812 342 843 consors
357 798 581 855 Maiestatis.

112 875 304 923 Sacerdos
325 889 367 924 et
386 882 560 937 pontifex
585 886 783 925 sanctuarii
808 891 843 925 et
869 881 1126 934 tabernaculi,
1150 894 1230 923 non
1254 883 1375 938 typici

58 949 98 984 et
118 945 317 987 umbratici
330 977 343 997 ,
365 946 474 1002 quale
494 946 562 988 suit
590 948 872 989 tabernaculum
889 952 910 989 a
929 945 1069 1002 Moyse
1086 945 1226 987 factum
1241 975 1254 996 ,
1273 944 1376 999 quod

57 1006 195 1051 fixerat
211 1007 333 1051 homo
352 1025 366 1050 ε
383 1011 454 1052 sed
475 1014 555 1052 veri
574 1014 800 1064 sanctuarii,
820 1013 978 1065 verique
1000 1008 1254 1059 tabernaculi,
1275 1007 1378 1063 quod

59 1072 147 1115 fixit
165 1071 277 1116 Deus
293 1081 335 1116 ut
356 1075 398 1116 in
417 1089 464 1116 eo
486 1075 664 1117 adoretur
683 1078 722 1116 in
741 1078 873 1132 spiritu
891 1082 930 1116 et
947 1076 1179 1116 in·veritate.

114 1154 163 1198 In
182 1156 283 1207 hoc,
305 1159 462 1213 inquam
476 1188 489 1209 ,
510 1157 653 1200 coelesti
673 1160 887 1200 sanctuario
907 1157 1153 1212 pontificatus
1170 1157 1227 1196 sui
1245 1155 1378 1195 minis·

58 1223 156 1270 torio
170 1221 339 1278 fungitur
353 1220 527 1265 Christus
539 1259 550 1279 ‚
572 1224 846 1279 interpellando
863 1232 900 1266 et
917 1222 1119 1265 offerendo
1140 1237 1152 1271 ς
1174 1224 1260 1262 cum
1276 1221 1379 1262 enim

57 1287 107 1329 ad
126 1286 206 1330 hoc
223 1290 349 1330 omnis
370 1287 543 1342 pontifex
568 1291 801 1341 instituatur,
822 1297 863 1331 ut
885 1289 1039 1330 donaria
1064 1295 1102 1328 et
1125 1287 1299 1328 victimas
1321 1283 1379 1326 os-

59 1351 157 1394 terat
181 1349 299 1406 Deo,
326 1366 487 1395 necesse
515 1360 573 1394 est
602 1361 642 1395 ut
667 1354 789 1395 ethic
819 1352 1004 1395 Pontifex
1024 1358 1178 1401 noster,
1206 1352 1319 1391 etiam
1339 1351 1379 1390 in
1404 1373 1407 1376 -

58 1417 154 1460 coelo
175 1412 378 1460 ,collocatus
401 1425 440 1460 et
464 1418 514 1459 ad
541 1419 739 1461 dexteram
770 1418 848 1462 Dei
873 1419 1014 1460 sedens
1032 1448 1043 1468 ,
1073 1416 1213 1458 habeat
1240 1414 1380 1471 aliquid

39 1476 41 1478 ’
65 1483 172 1539 quod
190 1482 342 1526 offerat.

111 1558 236 1617 'Quod
257 1566 290 1607 si
310 1579 426 1621 super
450 1573 591 1608 terram
620 1573 835 1608 versaretur
850 1597 861 1618 ,
884 1572 920 1607 et
948 1572 1140 1607 terrenum
1161 1563 1253 1619 quid
1275 1560 1380 1604 osfe-

57 1631 221 1674 rendum
242 1630 429 1681 haberet,
453 1647 531 1673 non
553 1631 680 1674 fuisset
703 1646 862 1674 necesse
881 1639 921 1673 ut
939 1633 1047 1673 fieret
1067 1630 1245 1672 sacerdos
1259 1661 1270 1680 ,
1292 1631 1379 1683 quia

57 1697 166 1740 multi
178 1699 255 1750 jam
269 1705 375 1740 erant
391 1698 452 1739 alii
467 1713 581 1754 super
597 1706 734 1740 terram
746 1731 756 1750 ,
777 1701 842 1753 qui
860 1697 1080 1752 hujusmodi
1102 1705 1251 1739 terrena
1264 1694 1381 1738 offer-

55 1769 169 1816 rent,
190 1763 295 1815 juxta
317 1762 409 1816 legis
429 1767 707 1817 praescriptum.

112 1840 268 1886 Scilicet
294 1839 719 1886 Aaronici-sacerdotes
734 1875 746 1896 ‚
777 1846 842 1899 qui
865 1843 1091 1885 deserviunt
1113 1841 1380 1891 tabernaculo,

56 1907 159 1964 quod
176 1908 337 1950 obscura
355 1912 501 1950 tantum
516 1916 574 1950 est
595 1909 800 1951 delineatio
821 1915 857 1950 et
872 1908 1007 1949 umbra
1023 1910 1103 1948 veri
1123 1904 1376 1954 tabernaculi,

55 1971 108 2014 de
133 1986 210 2027 quo
245 1970 303 2025 Y.
334 1989 357 2014 2
374 2004 387 2025 ,
415 1980 453 2014 et
486 1987 613 2015 rerum
642 1973 852 2015 coelestium
878 1986 960 2027 quae
985 1972 1078 2012 fiunt
1102 1974 1141 2012 in
1166 1981 1238 2020 eo}
1276 1970 1381 2024 quod

54 2036 166 2081 Deus
179 2036 308 2094 Moysi
322 2040 547 2093 significavit
562 2073 573 2092 ‚
590 2044 675 2082 cum
688 2040 738 2081 illi
754 2038 917 2082 formam
934 2038 1134 2080 extruendi
1149 2035 1380 2078 tabernaculi

55 2102 331 2157 praescribens,
359 2103 449 2145 dicit
470 2119 480 2143 :
502 2102 602 2146 Vide
621 2110 661 2145 ut
679 2105 807 2144 omnia
824 2102 937 2144 facias
955 2100 1165 2143 secundum
1182 2099 1379 2156 exemplar

57 2167 162 2225 quod
181 2168 251 2209 tibi
271 2169 312 2210 in
332 2175 466 2211 monte
486 2167 589 2210 Sinai
609 2175 861 2211 monstratum
879 2174 951 2210 est.

110 2261 172 2308 At
200 2268 294 2307 vero
326 2262 439 2307 Jesus
471 2262 646 2308 Christus
676 2281 779 2308 nunc
810 2265 1064 2308 sacerdotium
1091 2268 1238 2320 accepit
1270 2266 1374 2307 tanto

53 2319 293 2386 praestantius
320 2327 519 2381 Levitico,
560 2334 699 2387 quanto
729 2329 1028 2373 Testamentum
1062 2344 1230 2382 rovum,
1269 2331 1374 2383 cujus

53 2394 242 2437 mediator
270 2402 349 2448 est,
381 2395 627 2439 excellentius
658 2403 715 2440 est
748 2394 950 2450 mosaico,
981 2403 1018 2437 et
1046 2396 1234 2451 promissa
1259 2393 1372 2448 hujus

54 2460 151 2505 novi
172 2457 414 2505 Testamenti
434 2462 754 2518 naguificentiora
777 2461 1093 2518 promissionibus
1117 2463 1272 2505 veteris.
