1430 2658
126 144 133 154 ,
227 146 234 150 ,
372 93 561 140 niem
590 100 832 135 txeosr-no.
850 82 951 144 Cap.
976 82 1043 130 ΙΙ.
1321 80 1376 128 25

48 162 579 225 '¹'Br6vt‘temp6ris-spauo
612 166 652 208 in
673 161 740 207 sua
763 163 940 220 passione
955 193 967 214 ,
994 156 1156 213 Angelis
1177 159 1373 202 minorem

55 237 287 282 exhibuisti:
305 242 341 277 at
354 239 440 290 post
451 248 559 276 suam
574 233 791 287 passionem
805 227 1031 270 constituisti
1044 239 1132 267 eum
1146 220 1373 279 Principem

55 311 97 348 et
116 302 331 348 Dominum
357 315 470 357 super
502 301 632 342 omnia
649 295 941 351 omnipotentiae
969 298 1043 334 tuae
1066 304 1183 346 opera
1197 322 1209 343 ‚
1228 304 1374 346 corpo-

56 370 146 414 ralia
166 375 207 412 et
228 367 448 425 spiritualia.

60 481 67 491 ,
119 434 274 479 Omnes
305 435 466 477 omniuo
501 439 707 483 creaturas,
739 436 779 472 et
810 431 1091 482 consequenter
1123 426 1226 479 ipsos
1261 424 1378 466 etiam

60 498 264 556 Angelos,
283 496 308 540 ὀ
328 496 631 541 Pateraeterne!
656 491 811 537 Christo
826 493 904 535 filio
929 498 994 533 tuo
1015 490 1209 542 subjecisti
1228 501 1240 527 τ

118 565 319 612 Generalis
348 570 455 610 euim
490 572 548 608 est
567 563 781 608 Psalmistae
798 563 968 604 locutio:
999 559 1175 607 Omnia,
1195 559 1281 600 sine
1303 572 1381 600 ex·-

59 635 241 690 ceptione
251 664 263 684 ,
280 632 495 688 subjecisti.
510 628 666 674 Christo
685 633 813 684 itaque
825 660 839 682 ‚
857 628 1032 671 omnium
1051 638 1180 668 rerum
1194 623 1353 666 domino
1366 656 1384 678 ,

58 699 178 741 nobis
200 697 429 754 parendum.

117 761 314 819 Equidem
341 760 517 804 nondum
538 757 716 800 videmus
739 759 868 798 omnia
889 758 924 799 ei
949 756 1140 808 subiecta:
1164 754 1330 807 multos,
1354 758 1379 796 ἑ

61 832 214 877 contra,
234 825 412 868 videmus
434 825 574 878 impios
599 829 639 864 et
663 820 838 863 infideles
860 817 1015 862 Christo
1037 817 1239 866 rebellare3
1259 816 1381 859 fateor

62 879 190 948 itaque
206 889 311 946 quod
326 889 410 932 haec
430 886 643 944 prophetiae
673 900 759 942 pars
792 885 966 928 nonduin
989 886 1039 926 sit
1067 880 1236 938 perfecte
1265 896 1390 925 corn-

63 955 185 1012 pletaz
211 990 215 1000 ,
250 999 253 1002 ,

56 1028 62 1037 ’
115 1017 178 1078 Αἰ
211 1018 369 1077 alteram
403 1024 550 1073 partem
583 1017 660 1069 iam
698 1016 927 1071 completam
958 1015 1134 1058 videmus
1171 1013 1381 1066 (nimirum

64 1083 183 1141 gloria
210 1091 247 1127 et
267 1083 419 1125 honore
444 1082 636 1124 coronasti
657 1082 802 1134 eum):
833 1079 1007 1123 Christus
1026 1083 1130 1124 enim
1156 1079 1297 1134 Jesus,
1319 1085 1382 1139 qui

65 1151 176 1192 brevi
195 1150 380 1203 temporis
396 1146 595 1189 intervallo
615 1148 740 1188 minor
765 1143 922 1200 Angelis
942 1145 1093 1188 habitus
1114 1153 1194 1199 est,

124 1211 242 1257 Nunc
262 1212 479 1255 doloriferae
499 1214 632 1253 mortis
648 1226 725 1254 suae
745 1215 881 1253 merito
898 1210 1015 1264 gloria
1035 1217 1073 1252 et
1095 1211 1244 1252 honore
1261 1226 1386 1255 coro-

66 1287 178 1324 natus
213 1287 296 1328 est;
339 1281 464 1321 victor
496 1279 630 1319 mortis
661 1279 824 1334 surrexit
849 1277 1095 1326 immortalis;
1133 1277 1319 1332 gloriosus
1347 1286 1387 1322 et

65 1346 305 1403 trimnphans
316 1348 356 1388 in
375 1345 514 1388 coelum
527 1343 697 1386 ascendit
712 1375 722 1393 ,
746 1343 856 1386 sedet
870 1343 919 1385 ad
935 1343 1137 1386 dexteram
1150 1341 1386 1397 Maiestatis;

66 1418 108 1454 ut
125 1409 234 1454 Deus
251 1411 395 1466 ubique
410 1410 586 1452 adoratur
604 1426 614 1451 :
637 1422 686 1450 ex
705 1407 779 1450 hae
797 1416 925 1450 autem
943 1416 1050 1464 parte
1071 1410 1260 1464 completa
1282 1415 1390 1454 certo

68 1477 333 1532 cognoscimus
349 1481 389 1515 et
410 1474 677 1529 complendam
699 1472 823 1515 aliam.

79 1546 85 1550 '
110 1539 224 1583 ‘Dixi
247 1547 403 1596 propter
417 1542 635 1596 passionem
655 1541 811 1581 mortis:
840 1539 936 1580 sicut
954 1540 1058 1579 enim
1078 1553 1127 1580 ex
1146 1538 1323 1593 singulari
1347 1548 1387 1584 et

64 1603 226 1660 gratuita
249 1603 386 1647 Dei‘in
405 1619 478 1645 nos
499 1605 734 1659 benignitate
748 1633 759 1652 ‚
783 1617 854 1658 pro
874 1603 988 1643 nobis
1010 1616 1142 1656 passus
1158 1609 1197 1644 et
1214 1611 1388 1647 mortuus

65 1676 149 1719 est;
183 1671 240 1712 sic
266 1675 303 1711 et
323 1670 406 1720 jure
435 1671 572 1710 merito
588 1699 598 1719 ‚
625 1670 710 1723 quia
732 1682 783 1710 ex
816 1666 1002 1708 charitate
1023 1680 1093 1722 pro
1113 1667 1228 1709 nobis
1254 1683 1386 1722 passus

65 1740 150 1785 est,
173 1734 404 1790 glorificatur
418 1735 466 1774 ab
491 1733 671 1774 omnibus
691 1733 847 1786 ubique.

48 1802 91 1826 δ’*
123 1796 340 1849 caeram,
374 1812 428 1840 ne
458 1812 530 1840 vos
565 1797 795 1839 scandalizet
824 1810 928 1838 mors
947 1801 985 1837 et
1006 1797 1130 1851 passio
1148 1793 1291 1839 Christi
1318 1797 1388 1841 filii

5 1882 26 1901 κ
46 1863 170 1910 ·Dei:
188 1865 252 1911 hic
269 1866 376 1907 enim
388 1878 460 1906 nos
474 1863 648 1906 salvandi
669 1863 808 1906 modus
828 1862 897 1905 fuit
914 1862 1058 1907 divinae
1074 1865 1273 1917 sapientiae
1286 1879 1388 1908 con-

66 1933 376 1974 venientissimus
395 1949 404 1973 :
427 1931 589 1973 decebat
606 1932 712 1972 enim
734 1945 823 1973 eum
844 1932 907 1985 qui
925 1943 1054 1972 rerum
1076 1932 1249 1971 omnium
1268 1933 1383 1985 prin-

55 1999 211 2060 ·cipium
231 2004 290 2040 est
313 2004 352 2040 et
369 1997 456 2038 finis
471 2028 481 2047 ‚
501 1995 632 2051 Alpha
649 2003 686 2038 et
707 1993 857 2050 Omega
871 2027 883 2048 ‚
905 1999 991 2036 cum
1008 1996 1055 2036 ab
1079 2002 1226 2037 aeterno
1241 1995 1385 2039 decre-

65 2068 214 2118 visset,
233 2080 302 2121 per
321 2063 463 2107 Filium
478 2080 590 2107 suum
608 2064 830 2115 naturalem,
848 2064 986 2106 multos
1000 2064 1098 2105 filios
1115 2065 1318 2119 adoptivos
1333 2065 1384 2106 ad

66 2129 224 2186 gloriam
245 2130 456 2180 adducere3
493 2128 624 2172 Deum
639 2160 650 2179 ‚
690 2131 844 2184 inquam
858 2161 868 2181 ,
903 2128 1066 2171 decebat
1102 2128 1150 2169 ad
1180 2128 1292 2181 hujus
1325 2131 1385 2172 sui

66 2196 212 2239 decreti
231 2194 410 2238 effectum
423 2227 435 2247 ‚
461 2202 502 2237 nt
522 2195 626 2237 hunc
647 2193 785 2238 Filium
804 2211 915 2238 suum
937 2197 1231 2250 primogenitum
1250 2202 1289 2237 et
1305 2211 1387 2238 na·-

10 2267 43 2299 fl·
65 2261 241 2314 tandem,
267 2262 397 2304 salutis
431 2261 589 2303 aliorum
610 2269 821 2313 auctorem,
848 2263 1098 2316 omniumque
1116 2261 1387 2303 salvandorum

63 2334 175 2384 caput
201 2334 239 2371 et
259 2330 552 2384 antesignanum
569 2360 582 2384 ‚
603 2343 670 2385 per
689 2331 908 2384 passionem
941 2333 979 2370 et
994 2332 1186 2382 mortem,
1208 2324 1326 2381 gloria
1345 2333 1385 2369 et

61 2390 215 2436 honore
239 2402 537 2438 consummaret.
995 2386 998 2388 v
1059 2396 1061 2399 ’

121 2459 250 2507 Decet
266 2466 372 2507 enirn
392 2465 616 2522 pontificem
635 2468 699 2523 qui
732 2467 962 2523 sanctificat,
993 2472 1032 2510 et
1059 2479 1127 2509 eos
1162 2466 1226 2523 qui
1249 2465 1298 2507 ab
1320 2461 1384 2506 illo

289 2536 345 2568 vi.
1112 2540 1134 2568 2
