1474 2658
95 49 185 102 422·
398 57 534 89 mnex
562 54 722 96 neuun
751 55 810 86 m·
840 55 1117 93 vannorum.

147 122 267 163 meta3
290 117 394 167 quod
418 118 478 154 lex
497 115 657 164 sagitta,
685 114 856 153 christus
877 108 1049 164 scopus}
1068 116 1134 161 1⁰8
1143 116 1426 167 mm·

149 178 338 216 Christum
348 178 490 214 docens
500 180 541 214 et
553 175 803 213 ad'christum
816 175 960 212 ducens
971 187 985 220 ;
1002 174 1276 218 altor-..mnis
1284 186 1411 225 unge.

146 241 175 274 Ι.
199 240 286 274 269.
317 239 408 272 270.

96 300 201 336 Illam
215 302 257 335 ut
269 301 400 335 eavcat
417 294 675 343 christianus,
691 294 838 333 Christo
850 294 1008 343 justitia
1026 294 1126 332 fonti
1138 295 1407 344 &monthili-

146 360 205 393 ter
221 354 391 392 uniatur.
412 359 443 392 Ι.
466 358 552 392 269.

588 406 904 440 JUDAIZANTES.

95 483 334 520 Judaizantes
347 480 676 519 circumcisionem
692 484 732 517 et
747 481 883 528 legalia
898 482 1015 521 multa
1028 482 1232 530 urgebant.

94 549 232 582 Contra
248 556 343 592 quos
359 549 404 581 D.
431 545 582 581 Paulus.
604 546 663 578 lv.
682 547 768 580 342.
790 546 876 580 3⁴9.
1034 542 1037 544 ’

94 602 335 639 Judaizantes
351 603 473 649 legem
493 601 693 638 mosaicam
713 611 799 636 cum
817 601 1020 648 Evangelio
1039 600 1269 651 miscebant,
1287 599 1408 640 hauc-

144 670 219 707 «με
234 659 432 695 mixturam
451 658 638 695 vocabant
656 657 916 705 Evangetium.
936 662 998 696 111.
1027 661 1114 697 31⁴.

95 715 337 762 Evangelium
356 715 488 751 revera
507 714 767 751 invertebant.
789 718 850 752 ΠΙ.
872 718 959 752 315.

94 774 190 820 Quia
207 773 350 808 nullam
374 772 519 820 patitur
534 773 732 808 mixturam
751 773 996 819 evangelium
1014 773 1168 811 Christi.
1188 777 1249 812 ΠΙ.
1269 773 1357 813 31⁶.

93 836 214 878 Quare
235 829 463 877 judaismum
482 841 567 865 cum
586 829 790 875 Evangelio
814 829 1098 879 praedicabant,
1123 835 1162 868 et
1182 831 1406 879 judaizandi

141 885 404 924 necessitatem
421 884 654 921 inducebant
669 884 686 918 Ρ
704 888 765 921 tu.
795 887 882 920 319.

581 974 657 1006 DE!
684 975 912 1008 JUDICIUM.

92 1053 174 1099 lpsa
198 1047 293 1084 ratio
313 1047 425 1083 docet
451 1049 572 1081 Deum
603 1043 746 1079 summe
775 1044 917 1091 justum
946 1056 1051 1090 esse,
1072 1049 1110 1083 et
1133 1050 1410 1096 consequenter

142 1105 212 1143 Dei
237 1104 424 1152 judicium
445 1102 524 1138 sore
544 1101 756 1138 secundum
782 1103 980 1139 veritatem
997 1103 1120 1151 ipsam
1134 1130 1147 1151 ,
1169 1115 1247 1141 nou
1266 1115 1410 1145 secun·

143 1163 233 1198 dum
252 1160 505 1208 apparentias.

91 1221 188 1258 Hinc
206 1223 345 1255 tremor
365 1216 468 1253 omni
493 1216 591 1253 sex-ib
607 1216 842 1254 reflectenti.
862 1217 897 1254 Ι.
920 1220 984 1254 41.

92 1284 178 1316 Haec
201 1279 247 1313 de
274 1281 354 1313 Deo
373 1276 508 1311 notitia
530 1288 634 1312 nunc
658 1276 852 1313 dormitat.
873 1275 974 1312 Ibid.

93 1337 198 1372 Circa
213 1338 371 1370 mortem
389 1333 572 1369 excitatur
583 1359 594 1378 ‚
614 1337 652 1370 et
664 1333 930 1369 moribundum
945 1332 990 1370 eo
1004 1332 1122 1381 magis
1134 1334 1307 1380 torquet,
1323 1329 1404 1380 quo

144 1392 286 1429 diutius
303 1391 342 1427 in
366 1390 443 1426 vita
466 1390 696 1427 dormitavit.
718 1391 820 1427 Ibid.

89 1452 202 1490 Illam
219 1461 330 1486 sanus
348 1449 464 1485 excita
478 1475 488 1493 ‚
507 1454 543 1484 et
561 1449 767 1485 secundum
787 1460 871 1484 eam
895 1450 999 1484 vive.
1028 1449 1129 1485 Ibid..

92 1514 146 1550 ob
159 1512 230 1548 tria
244 1513 512 1559 pervertunt-nr
524 1510 724 1544 hminum
739 1508 897 1555 judicia.
922 1513 982 1545 41.
1004 1510 1066 1545 ⁴2.

91 1575 231 1607 Horum
246 1569 391 1604 nullum
412 1566 515 1602 cadit
533 1566 573 1601 in
592 1570 726 1602 Deum.
751 1565 784 1602 Ι.
812 1569 872 1602 42.

93 1628 171 1664 Scit
187 1625 331 1668 omnia,
356 1627 483 1670 potest
502 1634 587 1670 ‹111ae
604 1625 707 1668 vult,
726 1622 876 1670 judicat
898 1633 942 1659 ex
961 1632 1087 1670 aequo,
1108 1619 1318 1660 secundum
1341 1629 1410 1658 ve-

142 1686 307 1736 ritatem.
329 1683 432 1719 Ibid.

91 1751 192 1782 Deus
209 1744 249 1780 iu
267 1742 412 1788 judicio
432 1753 507 1777 non
530 1741 685 1788 respicit
703 1741 837 1784 facies,
860 1741 924 1778 sed
943 1753 1021 1778 cor.
1045 1740 1078 1778 Ι.
1101 1744 1162 1779 4—5.

90 1803 241 1840 Bonitas
258 1801 327 1836 Dei
345 1803 560 1847 contempta
581 1800 777 1835 severioris
795 1801 869 1836 erit
884 1800 1020 1847 judieii
1040 1810 1164 1836 causa.
1185 1798 1218 1834 Ι.
1241 1801 1302 1835 ⁴2.

92 1861 164 1908 Qui
187 1857 365 1895 bonitatis
388 1857 539 1893 divitias
563 1858 775 1893 contemnit
803 1858 997 1894 thesauros
1017 1857 1079 1893 irae
1097 1856 1277 1904 reperiet,

91 1917 298 1954 Thesauros
314 1924 383 1961 pro
405 1913 600 1949 thesauris.
622 1912 656 1949 I.
677 1917 737 1950 42.

88 1975 358 2019 Incorruptum
368 1971 435 2007 Dei
445 1970 630 2017 judicium
643 1969 812 2006 terribile
824 1968 927 2005 omni
940 1967 1086 2004 homini
1098 1969 1323 2014 corruptoJ.
1340 1969 1400 2003 50.

90 2032 177 2070 Dies
202 2027 336 2076 judicii
362 2028 481 2063 tribus
508 2028 606 2063 notis
626 2028 796 2073 signatur
815 2027 861 2062 ab
885 2027 1074 2074 apostolo.
1103 2025 1191 2073 Dies
1216 2023 1302 2070 irae,
1322 2023 1404 2060 dies

140 2084 378 2125 revelationis
392 2111 403 2131 ‚
421 2084 501 2121 dies
516 2085 609 2132 justi
629 2084 780 2131 judicii.
800 2083 834 2120 Ι.
860 2087 920 2120 42.

89 2146 315 2186 'ruditatem
341 2143 520 2191 supplicii
537 2148 637 2180 Deus
658 2142 841 2190 gravitate
860 2145 1080 2190 compensat
1105 2156 1113 2177 z
1133 2139 1206 2177 hoc
1223 2137 1404 2176 similitu-

141 2204 230 2241 dine
249 2201 482 2248 exprimitur.
506 2201 539 2237 Ι.
561 2205 622 2237 43.

91 2262 234 2310 Quibus
252 2257 407 2294 maximi:
425 2257 593 2293 terribile
613 2257 686 2294 erit
700 2255 886 2304 judicium
905 2255 988 2292 Dei.
1020 2253 1054 2291 I.
1077 2258 1138 2292 50.

91 2319 190 2369 Quid
208 2316 421 2353 faciendum
443 2319 485 2350 ut
502 2314 672 2351 vitetur?
693 2314 794 2350 Ibid.

90 2379 201 2419 Deus
219 2373 350 2410 reddet
369 2373 571 2420 unicuique
589 2372 800 2407 secundam
819 2383 939 2421 opera
955 2373 1039 2419 ejccs
1059 2388 1068 2407 .·
1089 2369 1200 2407 bonis
1215 2366 1398 2417 operibus

139 2428 358 2482 praemium,
378 2425 486 2463 malis
509 2426 753 2475 supplicium.
