1430 2658
91 82 173 138 146
442 99 444 101 ·
471 79 685 119 nms‘romn
714 84 772 117 An
801 84 1012 116 uznrmos

143 147 365 200 Secundam
383 156 627 202 virtutem,...
645 147 715 190 sed
735 149 799 204 qui
816 146 934 188 factus
953 153 1010 188 est
1029 144 1207 188 sacerdos
1226 146 1295 203 ῥει-
1311 153 1391 204 po·-

85 224 244 266 tentiam
262 220 454 270 divinam,
473 228 559 272 quae
588 215 708 255 vitam
731 213 767 254 ei
785 213 914 253 tribuit
936 210 1188 254 immortalem
1208 215 1248 255 et
1262 213 1395 257 indis-

87 286 286 331 soiubilem
303 314 314 331 ,
338 285 389 325 ita
407 288 449 324 ut
472 294 660 335 nusquam
680 278 892 321 successori
912 276 977 317 det
996 276 1138 320 locum.

144 349 201 403 γ.
225 365 290 405 ¹7·
309 345 559 389 Contestolur
583 348 743 398 cnim‚...
770 343 809 384 id
829 349 913 392 est,
935 348 1128 384 attestatur
1150 344 1255 384 enim
1278 340 1396 387 Pater

86 425 252 459 aeternus
271 412 371 456 Filio
387 427 458 454 suo
474 426 540 467 per
560 424 604 451 os
624 408 781 451 Davidis
797 407 955 461 loquens
971 422 980 447 :
996 406 1176 462 quoniam
1195 415 1235 446 tu
1251 421 1292 448 es
1307 401 1397 448 Sa—

88 481 220 522 cerdos
237 483 278 521 in
289 486 498 525 aternam,
518 483 591 517 etc.
1117 498 1120 502 ,

146 543 205 598 y,
243 542 307 586 18.
347 537 584 595 Reprobatio
614 538 767 592 quidem
772 567 855 579 ......
875 532 944 578 Gr.
964 535 1174 589 abrogatio.
1199 533 1284 592 Syr.
1300 550 1395 578 rnu—

9 624 13 629 ·
88 611 196 653 tatio.

145 670 278 726 Pergit
296 671 456 725 probare
478 668 603 721 legem
617 663 826 707 Mosaicam
843 678 927 706 esse
942 664 1161 718 abrogatam
1178 669 1220 705 et
1234 678 1393 718 novam,

84 737 360 786 introductam,
384 742 422 776 et
440 736 634 787 utriusque
665 731 728 772 dat
755 732 942 771 rationem
959 744 970 778 ;
990 731 1207 784 reprobatio
1215 729 1338 784 fit‚...
1357 731 1397 773 id

88 812 168 855 est,
195 805 372 858 abrogata
404 808 462 842 est
493 800 555 842 lex
586 807 696 841 vetus
725 812 792 839 seu
826 794 1018 848 mosaica,
1045 803 1089 838 et
1120 803 1399 852 consequenter

87 870 341 913 sacerdotium
372 865 606 910 Aaronicum
634 881 701 920 per
735 864 838 919 quod
868 866 948 918 ipsa
980 863 1399 906 administrabatur1ex

41 959 48 964 -
88 937 200 977 unius
223 936 327 975 enim
345 933 590 985 abrogatione
610 932 778 986 sequitur
796 936 834 970 et
849 928 998 970 alterius
1017 927 1186 980 abolitio,
1207 935 1247 971 ut
1266 921 1315 971 Ῠ.
1333 943 1401 972 12.

92 1001 235 1041 dictum
255 1005 326 1039 est.

146 1065 310 1118 Propter
338 1061 672 1115 infirmitatem,...
691 1058 730 1099 id
759 1064 842 1110 est,
867 1058 953 1111 quia
971 1055 1122 1097 infirma
1139 1063 1178 1099 et
1199 1059 1402 1103 imbecillis

87 1136 195 1179 erat,
219 1142 286 1169 seu
307 1130 407 1168 vires
426 1127 581 1179 exiguas
602 1124 768 1165 habebat
785 1139 794 1164 :
1380 1159 1392 1170 ,

144 1194 198 1234 Et
220 1186 485 1241 inutilitatem,
504 1188 543 1229 id
563 1195 643 1240 est,
662 1194 699 1229 et
720 1190 807 1244 quia
839 1184 1077 1228 insufficiens
1104 1193 1182 1229 erat
1201 1187 1249 1229 ad
1266 1187 1401 1232 homi-

86 1272 157 1300 nes
175 1255 448 1310 justificandos.

145 1317 193 1366 Ῠ.
216 1336 281 1379 19.
299 1319 418 1362 Nihil
442 1320 545 1358 enim
568 1317 623 1357 ad
639 1311 851 1371 perfectum
873 1316 1046 1358 adducit.
1060 1313 1130 1358 Gr.
1149 1317 1298 1372 perficit
1319 1317 1399 1368 lex,

84 1387 127 1431 id
146 1395 225 1440 est,
248 1385 389 1428 nulium
421 1385 525 1426 enim
547 1382 748 1422 hominem
777 1381 838 1422 lex
872 1384 994 1435 potuit
1024 1381 1230 1436 perficere,
1254 1396 1323 1424 seu
1353 1382 1401 1424 ad

85 1467 218 1496 veram
236 1459 273 1494 et
294 1452 483 1492 internam
501 1449 681 1501 justitiam
699 1445 925 1501 perducere.

145 1517 240 1561 Non
256 1518 393 1560 abolita
415 1523 469 1558 est
493 1529 584 1568 ergo
598 1545 608 1564 ,
636 1512 698 1554 vel
718 1515 803 1568 quia
821 1514 916 1555 mala
932 1544 944 1564 ,
968 1513 1029 1554 vel
1051 1515 1136 1569 quia
1155 1514 1262 1568 piane
1281 1515 1402 1556 inuti-

84 1585 131 1626 lis
146 1599 155 1624 ε
170 1588 192 1625 a
210 1582 299 1626 Deo
319 1585 422 1625 enim
441 1587 519 1623 erat
538 1581 705 1621 instituta
719 1609 731 1631 ,
751 1580 815 1631 qui
835 1578 929 1619 nihn
947 1578 1037 1620 facit
1054 1577 1208 1629 frustra3
1228 1579 1298 1621 sed
1317 1581 1404 1633 quia

86 1652 312 1708 imperfecta
330 1657 368 1692 et
390 1649 548 1691 salutem
583 1650 731 1688 tantum
752 1647 904 1688 initians
919 1677 930 1699 ,
953 1654 991 1689 et
1008 1646 1218 1689 futurorum
1239 1649 1376 1689 umbra
1389 1677 1400 1698 ,

89 1718 324 1773 paedagogus
346 1715 394 1756 ad
419 1712 628 1755 Christum.

146 1785 388 1826 Introductio
405 1784 495 1823 νει-ὸ
518 1779 686 1820 melioris
708 1779 802 1832 spei.
821 1776 912 1834 Syr.
930 1781 1073 1821 introiit
1097 1786 1223 1821 autem
1244 1779 1329 1821 loco
1351 1782 1423 1835 ip»

88 1853 168 1894 sius
186 1863 274 1904 spes
291 1847 532 1903 praestantior
548 1842 643 1898 ipsa.

147 1915 195 1958 Id
212 1922 289 1967 est,
313 1928 401 1969 spes
424 1919 549 1954 autem
573 1909 707 1951 melior
750 1910 962 1951 introducta
993 1917 1051 1952 est
1074 1913 1113 1952 in
1134 1912 1230 1954 iilius
1249 1913 1374 1954 locum
1393 1944 1405 1966 ,

89 1997 159 2042 seu
187 1980 249 2022 lex
267 1992 392 2030 nova,
415 1976 668 2019 sacerdotium
697 1971 839 2015 Christi
868 1975 1079 2017 secundum
1098 1978 1274 2019 ordinem
1301 1975 1407 2020 Mel-

90 2043 323 2094 chisedech,
347 2040 632 2084 subintroducta
660 2046 771 2088 sunt,
795 2053 878 2093 quae
905 2054 1015 2095 spem
1044 2040 1189 2083 habent
1206 2042 1408 2084 meliorem

89 2125 307 2158 annexam3
335 2110 423 2162 quia
453 2109 556 2149 enim
579 2107 840 2160 potentissima
871 2114 957 2148 sunt
985 2107 1033 2148 ad
1063 2109 1343 2160 justificandum
1368 2115 1407 2151 et

92 2172 339 2222 salvandum,
360 2183 471 2225 spem
489 2170 579 2210 dant
602 2169 715 2217 nobis
740 2171 983 2212 certissimam
1003 2173 1291 2225 verae‘justitiae.
1356 2191 1362 2197 ·

50 2299 61 2300 ἶ
150 2237 230 2278 Per
249 2251 366 2291 quam
380 2235 653 2288 proximamus
670 2232 725 2272 acl
738 2233 862 2273 Deum
874 2264 886 2282 ,
908 2233 949 2275 id
967 2242 1024 2277 est
1036 2267 1047 2288 ,
1069 2250 1136 2290 per
1159 2250 1273 2289 quam
1286 2239 1406 2290 justi..

90 2305 184 2355 tiam
201 2301 367 2357 proximi
385 2297 472 2340 Deo
492 2297 708 2351 reddimur,
727 2300 819 2338 vere
834 2300 910 2352 pii,
931 2302 1042 2342 amici
1060 2299 1159 2355 Dei,
1178 2300 1244 2343 filii
1261 2309 1299 2344 et
1313 2302 1407 2345 hae-

39 2409 42 2417 ,
93 2367 222 2412 redes.
1001 2389 1008 2400 .

148 2429 190 2478 A
205 2425 308 2475 nova
328 2442 417 2483 ergo
433 2429 518 2483 lege
532 2457 543 2479 ,
561 2434 597 2469 et
611 2429 633 2468 a
652 2423 792 2470 Christi
806 2428 1043 2486 sacerdotio,
1067 2431 1153 2487 quia
1167 2431 1213 2473 ad
1226 2433 1408 2486 justifica-
